[{"leader":"02665cam a2200625 a 4500",
"fields":[{"001":"ocm00000001"},
{"003":"OCoLC"},
{"005":"20180806164314.3"},
{"008":"690526s1963\\\\\\\\ilua\\\\\\j\\\\\\\\\\\\000\\j\\eng\\\\"},
{"010":{"ind1":"\\",
"ind2":"\\",
"subfields":[{"a":"   63011276 "}]}},
{"040":{"ind1":"\\",
"ind2":"\\",
"subfields":[{"a":"DLC"},
{"b":"eng"},
{"c":"DLC"},
{"d":"IUL"},
{"d":"BTCTA"},
{"d":"BMU"},
{"d":"AAA"},
{"d":"BNM"},
{"d":"CUS"},
{"d":"REC"},
{"d":"WAU"},
{"d":"OCC"},
{"d":"OCWMS"},
{"d":"RBN"},
{"d":"OCL"},
{"d":"OCWMS"},
{"d":"OCL"},
{"d":"CUS"},
{"d":"OCLCQ"},
{"d":"OCWMS"},
{"d":"OCL"},
{"d":"OCWMS"},
{"d":"OCL"},
{"d":"OCLCF"},
{"d":"OCL"},
{"d":"TS249"},
{"d":"CRU"},
{"d":"OCLCQ"},
{"d":"OCLCO"},
{"d":"OCWMS"},
{"d":"PG2"},
{"d":"IHI"},
{"d":"OCLCQ"},
{"d":"OCWMS"},
{"d":"ZMY"},
{"d":"FQR"}]}},
{"016":{"ind1":"7",
"ind2":"\\",
"subfields":[{"a":"bimoBNE19931205873"},
{"2":"SpMaBN"}]}},
{"019":{"ind1":"\\",
"ind2":"\\",
"subfields":[{"a":"6567842"},
{"a":"9987701"},
{"a":"53095235"},
{"a":"433981287"}]}},
{"029":{"ind1":"1",
"ind2":"\\",
"subfields":[{"a":"IHI"},
{"c":"\/p114401coll4"},
{"t":"CNTNT"}]}},
{"029":{"ind1":"1",
"ind2":"\\",
"subfields":[{"a":"OCL"},
{"c":"\/p16243coll3"},
{"t":"CNTNT"}]}},
{"035":{"ind1":"\\",
"ind2":"\\",
"subfields":[{"a":"(OCoLC)1"},
{"z":"(OCoLC)6567842"},
{"z":"(OCoLC)9987701"},
{"z":"(OCoLC)53095235"},
{"z":"(OCoLC)433981287"}]}},
{"042":{"ind1":"\\",
"ind2":"\\",
"subfields":[{"a":"lcac"}]}},
{"050":{"ind1":"0",
"ind2":"0",
"subfields":[{"a":"PZ5"},
{"b":".R1924"}]}},
{"080":{"ind1":"\\",
"ind2":"\\",
"subfields":[{"a":"821.111(73)-34\"19\"(082.2)"}]}},
{"082":{"ind1":"0",
"ind2":"0",
"subfields":[{"a":"934"}]}},
{"086":{"ind1":"0",
"ind2":"\\",
"subfields":[{"a":"C 55.8:R 24"}]}},
{"086":{"ind1":"0",
"ind2":"\\",
"subfields":[{"a":"NS 1.2:P 27"}]}},
{"049":{"ind1":"\\",
"ind2":"\\",
"subfields":[{"a":"MAIN"}]}},
{"245":{"ind1":"0",
"ind2":"4",
"subfields":[{"a":"The Rand McNally book of favorite pastimes \/"},
{"c":"illustrated by Dorothy Grider."}]}},
{"246":{"ind1":"3",
"ind2":"0",
"subfields":[{"a":"Favorite pastimes"}]}},
{"260":{"ind1":"\\",
"ind2":"\\",
"subfields":[{"a":"Chicago :"},
{"b":"Rand McNally,"},
{"c":"[1963]"}]}},
{"300":{"ind1":"\\",
"ind2":"\\",
"subfields":[{"a":"110 pages :"},
{"b":"color illustrations ;"},
{"c":"33 cm"}]}},
{"336":{"ind1":"\\",
"ind2":"\\",
"subfields":[{"a":"text"},
{"b":"txt"},
{"2":"rdacontent"}]}},
{"337":{"ind1":"\\",
"ind2":"\\",
"subfields":[{"a":"unmediated"},
{"b":"n"},
{"2":"rdamedia"}]}},
{"338":{"ind1":"\\",
"ind2":"\\",
"subfields":[{"a":"volume"},
{"b":"nc"},
{"2":"rdacarrier"}]}},
{"505":{"ind1":"0",
"ind2":"0",
"subfields":[{"t":"Little ballerina \/"},
{"r":"by D. Grider --"},
{"t":"Little horseman \/"},
{"r":"by M. Watts --"},
{"t":"Little majorette \/"},
{"r":"by D. Grider --"},
{"t":"Little swimmers \/"},
{"r":"by V. Hunter."}]}},
{"520":{"ind1":"\\",
"ind2":"\\",
"subfields":[{"a":"Boys and girls in these four stories work hard to master ballet dancing, riding, baton twirling, and swimming."}]}},
{"650":{"ind1":"\\",
"ind2":"0",
"subfields":[{"a":"Amusements"},
{"v":"Juvenile fiction."}]}},
{"650":{"ind1":"\\",
"ind2":"0",
"subfields":[{"a":"Ballet dancing"},
{"v":"Juvenile fiction."}]}},
{"650":{"ind1":"\\",
"ind2":"0",
"subfields":[{"a":"Horsemanship"},
{"v":"Juvenile fiction."}]}},
{"650":{"ind1":"\\",
"ind2":"0",
"subfields":[{"a":"Baton twirling"},
{"v":"Juvenile fiction."}]}},
{"650":{"ind1":"\\",
"ind2":"0",
"subfields":[{"a":"Swimming"},
{"v":"Juvenile fiction."}]}},
{"650":{"ind1":"\\",
"ind2":"0",
"subfields":[{"a":"Children's stories."}]}},
{"650":{"ind1":"\\",
"ind2":"1",
"subfields":[{"a":"Short stories."}]}},
{"650":{"ind1":"\\",
"ind2":"7",
"subfields":[{"a":"Cuentos norteamericanos"},
{"y":"S. XX."},
{"2":"embne"}]}},
{"650":{"ind1":"\\",
"ind2":"7",
"subfields":[{"a":"Amusements."},
{"2":"fast"},
{"0":"(OCoLC)fst00808105"}]}},
{"650":{"ind1":"\\",
"ind2":"7",
"subfields":[{"a":"Ballet dancing."},
{"2":"fast"},
{"0":"(OCoLC)fst00826049"}]}},
{"650":{"ind1":"\\",
"ind2":"7",
"subfields":[{"a":"Baton twirling."},
{"2":"fast"},
{"0":"(OCoLC)fst00828812"}]}},
{"650":{"ind1":"\\",
"ind2":"7",
"subfields":[{"a":"Children's stories."},
{"2":"fast"},
{"0":"(OCoLC)fst00856632"}]}},
{"650":{"ind1":"\\",
"ind2":"7",
"subfields":[{"a":"Horsemanship."},
{"2":"fast"},
{"0":"(OCoLC)fst00960561"}]}},
{"650":{"ind1":"\\",
"ind2":"7",
"subfields":[{"a":"Swimming."},
{"2":"fast"},
{"0":"(OCoLC)fst01140328"}]}},
{"655":{"ind1":"\\",
"ind2":"7",
"subfields":[{"a":"Fiction."},
{"2":"fast"},
{"0":"(OCoLC)fst01423787"}]}},
{"655":{"ind1":"\\",
"ind2":"7",
"subfields":[{"a":"Juvenile works."},
{"2":"fast"},
{"0":"(OCoLC)fst01411637"}]}},
{"655":{"ind1":"\\",
"ind2":"7",
"subfields":[{"a":"Short stories."},
{"2":"fast"},
{"0":"(OCoLC)fst01726740"}]}},
{"655":{"ind1":"\\",
"ind2":"7",
"subfields":[{"a":"Short stories."},
{"2":"lcgft"}]}},
{"700":{"ind1":"1",
"ind2":"\\",
"subfields":[{"a":"Grider, Dorothy."},
{"t":"Little ballerina."}]}},
{"700":{"ind1":"1",
"ind2":"\\",
"subfields":[{"a":"Watts, Mabel."},
{"t":"Little horseman."}]}},
{"700":{"ind1":"1",
"ind2":"\\",
"subfields":[{"a":"Grider, Dorothy."},
{"t":"Little majorette."}]}},
{"700":{"ind1":"1",
"ind2":"\\",
"subfields":[{"a":"Hunter, Virginia,"},
{"d":"1921-2011."},
{"t":"Little swimmers."}]}},
{"938":{"ind1":"\\",
"ind2":"\\",
"subfields":[{"a":"Baker and Taylor"},
{"b":"BTCP"},
{"n":"63011276"}]}}]},{"leader":"02760cam a2200565 i 4500",
"fields":[{"001":"ocm00000002"},
{"003":"OCoLC"},
{"005":"20180710144908.9"},
{"008":"690410s1963\\\\\\\\laua\\\\\\\\\\b\\\\\\\\000\\0\\eng\\\\"},
{"010":{"ind1":"\\",
"ind2":"\\",
"subfields":[{"a":"   63022268 "}]}},
{"040":{"ind1":"\\",
"ind2":"\\",
"subfields":[{"a":"DLC"},
{"b":"eng"},
{"e":"rda"},
{"c":"DLC"},
{"d":"OCLCQ"},
{"d":"TSE"},
{"d":"OCL"},
{"d":"BTCTA"},
{"d":"LXL"},
{"d":"TPS"},
{"d":"OCL"},
{"d":"CNNWL"},
{"d":"OCLCQ"},
{"d":"OCWMS"},
{"d":"OCLCA"},
{"d":"GBVCP"},
{"d":"OCLCO"},
{"d":"TS259"},
{"d":"RBN"},
{"d":"OCWMS"},
{"d":"KKU"},
{"d":"OCWMS"},
{"d":"OCLCQ"},
{"d":"OCLCF"},
{"d":"OCLCQ"},
{"d":"OCLCA"},
{"d":"OCL"},
{"d":"OCWMS"},
{"d":"AZDAC"},
{"d":"OCLCQ"},
{"d":"YULAW"},
{"d":"OCLCQ"},
{"d":"IOG"},
{"d":"TS263"},
{"d":"OCLCA"},
{"d":"OCLCQ"},
{"d":"OCWMS"},
{"d":"LMR"},
{"d":"QT4"},
{"d":"OCLCQ"},
{"d":"GID"},
{"d":"OCWMS"},
{"d":"OCLCQ"},
{"d":"OCWMS"}]}},
{"019":{"ind1":"\\",
"ind2":"\\",
"subfields":[{"a":"9772597"},
{"a":"35597370"},
{"a":"60494959"},
{"a":"813305061"},
{"a":"823937796"}]}},
{"020":{"ind1":"\\",
"ind2":"\\",
"subfields":[{"a":"9781426208072"}]}},
{"020":{"ind1":"\\",
"ind2":"\\",
"subfields":[{"a":"1426208073"}]}},
{"029":{"ind1":"1",
"ind2":"\\",
"subfields":[{"a":"AU@"},
{"b":"000000645732"}]}},
{"029":{"ind1":"1",
"ind2":"\\",
"subfields":[{"a":"DEBBG"},
{"b":"BV007743301"}]}},
{"029":{"ind1":"1",
"ind2":"\\",
"subfields":[{"a":"GBVCP"},
{"b":"112814352"}]}},
{"029":{"ind1":"1",
"ind2":"\\",
"subfields":[{"a":"NLGGC"},
{"b":"861755170"}]}},
{"029":{"ind1":"1",
"ind2":"\\",
"subfields":[{"a":"NZ1"},
{"b":"2582849"}]}},
{"035":{"ind1":"\\",
"ind2":"\\",
"subfields":[{"a":"(OCoLC)2"},
{"z":"(OCoLC)9772597"},
{"z":"(OCoLC)35597370"},
{"z":"(OCoLC)60494959"},
{"z":"(OCoLC)813305061"},
{"z":"(OCoLC)823937796"}]}},
{"043":{"ind1":"\\",
"ind2":"\\",
"subfields":[{"a":"n-us-la"}]}},
{"050":{"ind1":"0",
"ind2":"0",
"subfields":[{"a":"GB475.L6"},
{"b":"M6"}]}},
{"070":{"ind1":"\\",
"ind2":"\\",
"subfields":[{"a":"GB701.W375"},
{"b":"no.95-4225"}]}},
{"082":{"ind1":"0",
"ind2":"0",
"subfields":[{"a":"612"},
{"2":"21"}]}},
{"082":{"ind1":"0",
"ind2":"4",
"subfields":[{"a":"589.3"}]}},
{"086":{"ind1":"0",
"ind2":"\\",
"subfields":[{"a":"I 19.42\/4:95-4225"}]}},
{"049":{"ind1":"\\",
"ind2":"\\",
"subfields":[{"a":"MAIN"}]}},
{"100":{"ind1":"1",
"ind2":"\\",
"subfields":[{"a":"Morgan, James P."},
{"q":"(James Plummer),"},
{"d":"1919-1995."}]}},
{"245":{"ind1":"1",
"ind2":"0",
"subfields":[{"a":"Mudlumps at the mouth of South Pass, Mississippi River :"},
{"b":"sedimentology, paleontology, structure, origin, and relation to deltaic processes \/"},
{"c":"by James P. Morgan, James M. Coleman [and] Sherwood M. Gagliano. Including appendices by R.D. Adams [and others]."}]}},
{"264":{"ind1":"\\",
"ind2":"1",
"subfields":[{"a":"Baton Rouge :"},
{"b":"Louisiana State University Press,"},
{"c":"1963."}]}},
{"300":{"ind1":"\\",
"ind2":"\\",
"subfields":[{"a":"xvi, 190 pages :"},
{"b":"illustrations ;"},
{"c":"28 cm."}]}},
{"336":{"ind1":"\\",
"ind2":"\\",
"subfields":[{"a":"text"},
{"b":"txt"},
{"2":"rdacontent"}]}},
{"337":{"ind1":"\\",
"ind2":"\\",
"subfields":[{"a":"unmediated"},
{"b":"n"},
{"2":"rdamedia"}]}},
{"338":{"ind1":"\\",
"ind2":"\\",
"subfields":[{"a":"volume"},
{"b":"nc"},
{"2":"rdacarrier"}]}},
{"490":{"ind1":"1",
"ind2":"\\",
"subfields":[{"a":"Louisiana State University studies. Coastal studies series ;"},
{"v":"no. 10"}]}},
{"504":{"ind1":"\\",
"ind2":"\\",
"subfields":[{"a":"Includes bibliographical references (pages 183-190)."}]}},
{"650":{"ind1":"\\",
"ind2":"0",
"subfields":[{"a":"Mud lumps"},
{"z":"Louisiana"},
{"z":"Mississippi River Delta."}]}},
{"650":{"ind1":"\\",
"ind2":"0",
"subfields":[{"a":"Sediments (Geology)"},
{"z":"Louisiana."}]}},
{"650":{"ind1":"\\",
"ind2":"7",
"subfields":[{"a":"Mud lumps."},
{"2":"fast"},
{"0":"(OCoLC)fst01028647"}]}},
{"650":{"ind1":"\\",
"ind2":"7",
"subfields":[{"a":"Sediments (Geology)"},
{"2":"fast"},
{"0":"(OCoLC)fst01111007"}]}},
{"651":{"ind1":"\\",
"ind2":"7",
"subfields":[{"a":"Louisiana."},
{"2":"fast"},
{"0":"(OCoLC)fst01207035"}]}},
{"651":{"ind1":"\\",
"ind2":"7",
"subfields":[{"a":"Louisiana"},
{"z":"Mississippi River Delta."},
{"2":"fast"},
{"0":"(OCoLC)fst01240239"}]}},
{"650":{"ind1":"\\",
"ind2":"7",
"subfields":[{"a":"Sciences"},
{"x":"Philosophie."},
{"2":"ram"}]}},
{"653":{"ind1":"\\",
"ind2":"0",
"subfields":[{"a":"Mud lumps"},
{"a":"Louisiana"},
{"a":"Mississippi River Delta"}]}},
{"653":{"ind1":"\\",
"ind2":"0",
"subfields":[{"a":"Sediments (Geology)"},
{"a":"Louisiana"}]}},
{"700":{"ind1":"1",
"ind2":"\\",
"subfields":[{"a":"Coleman, James M.,"},
{"e":"author."}]}},
{"700":{"ind1":"1",
"ind2":"\\",
"subfields":[{"a":"Gagliano, Sherwood M.,"},
{"e":"author."}]}},
{"776":{"ind1":"0",
"ind2":"8",
"subfields":[{"i":"Online version:"},
{"a":"Morgan, James P. (James Plummer), 1919-"},
{"t":"Mudlumps at the mouth of South Pass, Mississippi River."},
{"d":"Baton Rouge, Louisiana State University Press, 1963"},
{"w":"(OCoLC)647589035"}]}},
{"830":{"ind1":"\\",
"ind2":"0",
"subfields":[{"a":"Louisiana State University studies."},
{"p":"Coastal studies series ;"},
{"v":"no. 10."},
{"w":"(OCoLC)1639610"}]}},
{"938":{"ind1":"\\",
"ind2":"\\",
"subfields":[{"a":"Baker and Taylor"},
{"b":"BTCP"},
{"n":"63022268 \/\/r923"}]}}]},{"leader":"01813cam a2200409   4500",
"fields":[{"001":"ocm00000003"},
{"003":"OCoLC"},
{"005":"20180804214446.3"},
{"008":"690414s1963\\\\\\\\nyu\\\\\\\\\\\\b\\\\\\\\000\\0\\eng\\\\"},
{"010":{"ind1":"\\",
"ind2":"\\",
"subfields":[{"a":"   63064323 "}]}},
{"040":{"ind1":"\\",
"ind2":"\\",
"subfields":[{"a":"DLC"},
{"b":"eng"},
{"c":"DLC"},
{"d":"TEF"},
{"d":"CNNWL"},
{"d":"FYI"},
{"d":"ZWU"},
{"d":"OCLCO"},
{"d":"EQA"},
{"d":"OCLCF"},
{"d":"AZDAC"},
{"d":"OCL"},
{"d":"FTU"},
{"d":"OCL"},
{"d":"VPI"},
{"d":"IOG"},
{"d":"OCLCQ"},
{"d":"PAU"},
{"d":"OCLCQ"},
{"d":"OCLCA"}]}},
{"019":{"ind1":"\\",
"ind2":"\\",
"subfields":[{"a":"7124033"},
{"a":"10654585"},
{"a":"14218190"}]}},
{"035":{"ind1":"\\",
"ind2":"\\",
"subfields":[{"a":"(OCoLC)3"},
{"z":"(OCoLC)7124033"},
{"z":"(OCoLC)10654585"},
{"z":"(OCoLC)14218190"}]}},
{"043":{"ind1":"\\",
"ind2":"\\",
"subfields":[{"a":"n-us-me"}]}},
{"050":{"ind1":"0",
"ind2":"0",
"subfields":[{"a":"HV700.5"},
{"b":".N37"}]}},
{"082":{"ind1":"0",
"ind2":"0",
"subfields":[{"a":"615.\/321"},
{"b":"Wor"}]}},
{"082":{"ind1":"0",
"ind2":"4",
"subfields":[{"a":"362.7\/3"}]}},
{"086":{"ind1":"0",
"ind2":"\\",
"subfields":[{"a":"Y 4.F 76\/1:So 8\/22"}]}},
{"049":{"ind1":"\\",
"ind2":"\\",
"subfields":[{"a":"MAIN"}]}},
{"110":{"ind1":"2",
"ind2":"\\",
"subfields":[{"a":"National Study Service."}]}},
{"245":{"ind1":"1",
"ind2":"0",
"subfields":[{"a":"Illegitimacy and adoption in Maine;"},
{"b":"report of a study made for the Maine Committee on Children and Youth."}]}},
{"260":{"ind1":"\\",
"ind2":"\\",
"subfields":[{"a":"[New York]"},
{"c":"1963."}]}},
{"300":{"ind1":"\\",
"ind2":"\\",
"subfields":[{"a":"24 pages"},
{"c":"28 cm"}]}},
{"336":{"ind1":"\\",
"ind2":"\\",
"subfields":[{"a":"text"},
{"b":"txt"},
{"2":"rdacontent"}]}},
{"337":{"ind1":"\\",
"ind2":"\\",
"subfields":[{"a":"unmediated"},
{"b":"n"},
{"2":"rdamedia"}]}},
{"338":{"ind1":"\\",
"ind2":"\\",
"subfields":[{"a":"volume"},
{"b":"nc"},
{"2":"rdacarrier"}]}},
{"500":{"ind1":"\\",
"ind2":"\\",
"subfields":[{"a":"Cover title."}]}},
{"504":{"ind1":"\\",
"ind2":"\\",
"subfields":[{"a":"Includes bibliographical references."}]}},
{"505":{"ind1":"0",
"ind2":"\\",
"subfields":[{"a":"A dispute in the making -- Prelude to an odyssey -- Some technicalities -- The Lapland expedition -- The Peru expedition -- Meanwhile in Paris -- Death and deliverance -- A grievous aftermath -- Once more unto the meridian -- A modern postscript."}]}},
{"650":{"ind1":"\\",
"ind2":"0",
"subfields":[{"a":"Illegitimacy"},
{"z":"Maine."}]}},
{"650":{"ind1":"\\",
"ind2":"0",
"subfields":[{"a":"Adoption"},
{"z":"Maine."}]}},
{"650":{"ind1":"\\",
"ind2":"7",
"subfields":[{"a":"Adoption."},
{"2":"fast"},
{"0":"(OCoLC)fst00797076"}]}},
{"650":{"ind1":"\\",
"ind2":"7",
"subfields":[{"a":"Illegitimacy."},
{"2":"fast"},
{"0":"(OCoLC)fst00967190"}]}},
{"651":{"ind1":"\\",
"ind2":"7",
"subfields":[{"a":"Maine."},
{"2":"fast"},
{"0":"(OCoLC)fst01204270"}]}},
{"710":{"ind1":"1",
"ind2":"\\",
"subfields":[{"a":"Maine."},
{"b":"Committee on Children and Youth."}]}},
{"776":{"ind1":"0",
"ind2":"8",
"subfields":[{"i":"Online version:"},
{"a":"National Study Service."},
{"t":"Illegitimacy and adoption in Maine."},
{"d":"[New York] 1963"},
{"w":"(OCoLC)894230382"}]}},
{"856":{"ind1":"4",
"ind2":"1",
"subfields":[{"u":"http:\/\/grinnell.NaxosMusicLibrary.com\/catalogue\/item.asp?cid=603497135066"},
{"z":"Play electronic music file"}]}}]},{"leader":"03919cam a2200661   4500",
"fields":[{"001":"ocm00000004"},
{"003":"OCoLC"},
{"005":"20180905233237.4"},
{"008":"690516s1963\\\\\\\\dcuab\\\\\\\\b\\\\\\f000\\0\\eng\\\\"},
{"010":{"ind1":"\\",
"ind2":"\\",
"subfields":[{"a":"   63065066 "}]}},
{"040":{"ind1":"\\",
"ind2":"\\",
"subfields":[{"a":"DLC"},
{"b":"eng"},
{"c":"DLC"},
{"d":"OCL"},
{"d":"LHL"},
{"d":"OCLCQ"},
{"d":"OCLCF"},
{"d":"SOS"},
{"d":"OCLCO"},
{"d":"OCLCQ"},
{"d":"BEATB"},
{"d":"ZAS"},
{"d":"IOG"},
{"d":"OCLCQ"},
{"d":"OCLCO"},
{"d":"OCLCQ"},
{"d":"OCLCO"},
{"d":"OCLCA"},
{"d":"CSO"},
{"d":"OCLCA"}]}},
{"019":{"ind1":"\\",
"ind2":"\\",
"subfields":[{"a":"518119215"}]}},
{"029":{"ind1":"1",
"ind2":"\\",
"subfields":[{"a":"GBVCP"},
{"b":"587947756"}]}},
{"035":{"ind1":"\\",
"ind2":"\\",
"subfields":[{"a":"(OCoLC)4"},
{"z":"(OCoLC)518119215"}]}},
{"043":{"ind1":"\\",
"ind2":"\\",
"subfields":[{"a":"n-us-wy"}]}},
{"050":{"ind1":"0",
"ind2":"4",
"subfields":[{"a":"SH11"},
{"b":".A3 no. 62"}]}},
{"082":{"ind1":"0",
"ind2":"4",
"subfields":[{"a":"639\/.375\/5"}]}},
{"086":{"ind1":"0",
"ind2":"\\",
"subfields":[{"a":"I 49.26:62"}]}},
{"049":{"ind1":"\\",
"ind2":"\\",
"subfields":[{"a":"MAIN"}]}},
{"100":{"ind1":"1",
"ind2":"\\",
"subfields":[{"a":"Benson, Norman Gustaf,"},
{"d":"1923-"}]}},
{"245":{"ind1":"1",
"ind2":"0",
"subfields":[{"a":"Equilibrium yield and management of cutthroat trout in Yellowstone Lake,"},
{"c":"by Norman G. Benson and Ross V. Bulkley."}]}},
{"260":{"ind1":"\\",
"ind2":"\\",
"subfields":[{"a":"[Washington],"},
{"b":"[United States Fish and Wildlife Service; for sale by the Supt. of Docs., U.S. Govt. Print. Off.],"},
{"c":"[1963]"}]}},
{"300":{"ind1":"\\",
"ind2":"\\",
"subfields":[{"a":"iv, 44 pages"},
{"b":"illustrations, map"},
{"c":"26 cm."}]}},
{"336":{"ind1":"\\",
"ind2":"\\",
"subfields":[{"a":"text"},
{"b":"txt"},
{"2":"rdacontent"}]}},
{"337":{"ind1":"\\",
"ind2":"\\",
"subfields":[{"a":"unmediated"},
{"b":"n"},
{"2":"rdamedia"}]}},
{"338":{"ind1":"\\",
"ind2":"\\",
"subfields":[{"a":"volume"},
{"b":"nc"},
{"2":"rdacarrier"}]}},
{"490":{"ind1":"1",
"ind2":"\\",
"subfields":[{"a":"Bureau of Sport Fisheries and Wildlife. Research report"},
{"v":"62"}]}},
{"504":{"ind1":"\\",
"ind2":"\\",
"subfields":[{"a":"Includes bibliographical references (pages 37-38)."}]}},
{"505":{"ind1":"0",
"ind2":"\\",
"subfields":[{"a":"Introduction -- Yellowstone Lake fishery -- Yellowstone River fishery -- Summary -- Literature cited -- Appendix A, Distribution of fishing -- Appendix B, Maturity of fish in catch -- Appendix C, Growth increments -- Appendix D, Year-class strength -- Appendix E, Catch curves."}]}},
{"520":{"ind1":"3",
"ind2":"\\",
"subfields":[{"a":"Equilibrium yield of the cutthroat trout, Salmo clarki lewisi Girard, in Yellowstone Lake, Wyo., is determined from data on catch and spawning runs from 1945 to 1961. Changes in growth rate, spawning runs, mortality rates, and year-class strength are related to differences in total catch. Three stages of exploitation of the stock are defined and the maximum safe catch or equilibrium yield is estimated at 325,000 trout. Management of the sport fishery according to equilibrium yield is discussed with reference to regulations, distribution of fishing pressure, planting, and interspecific competition. The Yellowstone River fishery is treated briefly."}]}},
{"650":{"ind1":"\\",
"ind2":"0",
"subfields":[{"a":"Cutthroat trout."}]}},
{"650":{"ind1":"\\",
"ind2":"0",
"subfields":[{"a":"Fishery management"},
{"z":"Wyoming."}]}},
{"650":{"ind1":"\\",
"ind2":"0",
"subfields":[{"a":"Fishes"},
{"z":"Wyoming"},
{"z":"Yellowstone Lake."}]}},
{"650":{"ind1":"\\",
"ind2":"2",
"subfields":[{"a":"Cutthroat trout."}]}},
{"650":{"ind1":"\\",
"ind2":"2",
"subfields":[{"a":"Fishery management."}]}},
{"650":{"ind1":"\\",
"ind2":"2",
"subfields":[{"a":"Fishes."}]}},
{"651":{"ind1":"\\",
"ind2":"2",
"subfields":[{"a":"Wyoming."}]}},
{"651":{"ind1":"\\",
"ind2":"2",
"subfields":[{"a":"Yellowstone Lake."}]}},
{"650":{"ind1":"\\",
"ind2":"4",
"subfields":[{"a":"Nursing"},
{"0":"(BE-AnANE)a::616.083:1"}]}},
{"650":{"ind1":"\\",
"ind2":"4",
"subfields":[{"a":"pijn"},
{"0":"(BE-AnANE)a::tw.4560:1"}]}},
{"650":{"ind1":"\\",
"ind2":"4",
"subfields":[{"a":"Philosophical anthropology"},
{"0":"(BE-AnANE)a::148:1"}]}},
{"650":{"ind1":"\\",
"ind2":"4",
"subfields":[{"a":"palliatieve zorgen"},
{"0":"(BE-AnANE)a::tw.4491:1"}]}},
{"650":{"ind1":"\\",
"ind2":"4",
"subfields":[{"a":"analgesie"},
{"0":"(BE-AnANE)a::tw.4535:1"}]}},
{"650":{"ind1":"\\",
"ind2":"4",
"subfields":[{"a":"palliatieve zorgen afdeling"},
{"0":"(BE-AnANE)a::tw.20996:1"}]}},
{"650":{"ind1":"\\",
"ind2":"4",
"subfields":[{"a":"farmacotherapie"},
{"0":"(BE-AnANE)a::tw.23493:1"}]}},
{"650":{"ind1":"\\",
"ind2":"4",
"subfields":[{"a":"verpleegkunde"},
{"0":"(BE-AnANE)a::tw.5042:1"}]}},
{"650":{"ind1":"\\",
"ind2":"7",
"subfields":[{"a":"Cutthroat trout."},
{"2":"fast"},
{"0":"(OCoLC)fst00885674"}]}},
{"650":{"ind1":"\\",
"ind2":"7",
"subfields":[{"a":"Fishery management."},
{"2":"fast"},
{"0":"(OCoLC)fst00926228"}]}},
{"650":{"ind1":"\\",
"ind2":"7",
"subfields":[{"a":"Fishes."},
{"2":"fast"},
{"0":"(OCoLC)fst00926361"}]}},
{"651":{"ind1":"\\",
"ind2":"7",
"subfields":[{"a":"Wyoming."},
{"2":"fast"},
{"0":"(OCoLC)fst01204583"}]}},
{"651":{"ind1":"\\",
"ind2":"7",
"subfields":[{"a":"Wyoming"},
{"z":"Yellowstone Lake."},
{"2":"fast"},
{"0":"(OCoLC)fst01255284"}]}},
{"700":{"ind1":"1",
"ind2":"\\",
"subfields":[{"a":"Bulkley, Ross V.,"},
{"e":"author."}]}},
{"710":{"ind1":"2",
"ind2":"\\",
"subfields":[{"a":"HathiTrust."}]}},
{"776":{"ind1":"0",
"ind2":"8",
"subfields":[{"i":"Online version:"},
{"a":"Benson, Norman Gustaf, 1923-."},
{"t":"Equilibrium yield and management of cutthroat trout in Yellowstone Lake."},
{"d":"[Washington, United States Fish and Wildlife Service; for sale by the Supt. of Docs., U.S. Govt. Print. Off., 1963]"},
{"w":"(OCoLC)795026237"}]}},
{"830":{"ind1":"\\",
"ind2":"0",
"subfields":[{"a":"Research report (United States. Bureau of Sport Fisheries and Wildlife) ;"},
{"v":"62."}]}},
{"856":{"ind1":"4",
"ind2":"1",
"subfields":[{"3":"HathiTrust Digital Library"},
{"u":"http:\/\/babel.hathitrust.org\/cgi\/pt?id=mdp.39015086579052;view=1up;seq=5"}]}},
{"856":{"ind1":"4",
"ind2":"1",
"subfields":[{"u":"http:\/\/pubs.er.usgs.gov\/publication\/rr62"},
{"z":"USGS publications warehouse."}]}},
{"856":{"ind1":"4",
"ind2":"1",
"subfields":[{"u":"http:\/\/grinnell.NaxosMusicLibrary.com\/catalogue\/item.asp?cid=DCD34088"},
{"z":"Play electronic music file"}]}}]},{"leader":"02978cam a2200481   4500",
"fields":[{"001":"ocm00000005"},
{"003":"OCoLC"},
{"005":"20180803212403.3"},
{"008":"740808s1973\\\\\\\\sp\\a\\\\\\\\\\\\\\\\\\\\000\\0\\spa\\\\"},
{"010":{"ind1":"\\",
"ind2":"\\",
"subfields":[{"a":"   74309970 "}]}},
{"040":{"ind1":"\\",
"ind2":"\\",
"subfields":[{"a":"NLM"},
{"b":"eng"},
{"c":"NLM"},
{"d":"JHE"},
{"d":"HNW"},
{"d":"BBH"},
{"d":"OCLCF"},
{"d":"AZDAC"},
{"d":"EUW"},
{"d":"ZOZ"},
{"d":"OCLCO"},
{"d":"OCL"},
{"d":"OCLCQ"},
{"d":"OCWMS"},
{"d":"OCLCO"},
{"d":"OCL"},
{"d":"VPI"},
{"d":"OCLCO"},
{"d":"IOG"},
{"d":"OCLCQ"},
{"d":"OCLCA"},
{"d":"HLS"},
{"d":"FQR"}]}},
{"016":{"ind1":"7",
"ind2":"\\",
"subfields":[{"a":"0424452"},
{"2":"DNLM"}]}},
{"020":{"ind1":"\\",
"ind2":"\\",
"subfields":[{"a":"9788460059363"}]}},
{"020":{"ind1":"\\",
"ind2":"\\",
"subfields":[{"a":"8460059367"}]}},
{"029":{"ind1":"0",
"ind2":"\\",
"subfields":[{"a":"NLM"},
{"b":"0424452"}]}},
{"029":{"ind1":"1",
"ind2":"\\",
"subfields":[{"a":"AU@"},
{"b":"000027257425"}]}},
{"029":{"ind1":"1",
"ind2":"\\",
"subfields":[{"a":"NLGGC"},
{"b":"060059672"}]}},
{"035":{"ind1":"\\",
"ind2":"\\",
"subfields":[{"a":"(OCoLC)5"}]}},
{"050":{"ind1":"0",
"ind2":"4",
"subfields":[{"a":"QM21"},
{"b":".M57 1973"}]}},
{"060":{"ind1":"0",
"ind2":"0",
"subfields":[{"a":"WZ 290"},
{"b":"M766L 1551F"}]}},
{"082":{"ind1":"0",
"ind2":"4",
"subfields":[{"a":"333.7"}]}},
{"049":{"ind1":"\\",
"ind2":"\\",
"subfields":[{"a":"MAIN"}]}},
{"100":{"ind1":"1",
"ind2":"\\",
"subfields":[{"a":"Montaña de Monserrate, Bernardino,"},
{"d":"B.Ca. 1482."}]}},
{"245":{"ind1":"1",
"ind2":"0",
"subfields":[{"a":"Libro de la anatomía del hombre."}]}},
{"260":{"ind1":"\\",
"ind2":"\\",
"subfields":[{"a":"[Madrid]"},
{"b":"Instituto Bibliográfico Hispanico"},
{"c":"[1973]"}]}},
{"300":{"ind1":"\\",
"ind2":"\\",
"subfields":[{"a":"1 volume (various pagings)"},
{"b":"illustrations."}]}},
{"336":{"ind1":"\\",
"ind2":"\\",
"subfields":[{"a":"text"},
{"b":"txt"},
{"2":"rdacontent"}]}},
{"337":{"ind1":"\\",
"ind2":"\\",
"subfields":[{"a":"unmediated"},
{"b":"n"},
{"2":"rdamedia"}]}},
{"338":{"ind1":"\\",
"ind2":"\\",
"subfields":[{"a":"volume"},
{"b":"nc"},
{"2":"rdacarrier"}]}},
{"490":{"ind1":"1",
"ind2":"\\",
"subfields":[{"a":"Colección Primeras ediciones. Serie folio,"},
{"v":"1"}]}},
{"500":{"ind1":"\\",
"ind2":"\\",
"subfields":[{"a":"Facsimile of work published in Valladolid, 1551."}]}},
{"505":{"ind1":"0",
"ind2":"\\",
"subfields":[{"a":"Social Subjectivity -- Early Newsreel: The Construction of a Political Imaginary for the New Left -- The \"Real\" in Fiction: Brecht, Medium Cool, and the Refusal of Incorporation -- Warring Images: Stereotype and American Representations of the Japanese, 1941-1991 -- Lost, Lost, Lost: Mekas as Essayist -- The Subject in Theory -- Charged Vision: The Place of Desire in Documentary Film Theory -- The Subject in History: The New Autobiography in Film and Video -- Filling Up the Hole in the Real: Death and Mourning in Contemporary Documentary Film and Video -- Documentary Disavowals and the Digital -- Technology and Ethnographic Dialogue -- The Address to the Other: Ethical Discourse in Everything's for You -- Modes of Subjectivity -- New Subjectivities: Documentary and Self-Representation in the Post-Verite Age -- The Electronic Essay -- Video Confessions -- Domestic Ethnography and the Construction of the \"Other\" Self -- The End of Autobiography or New Beginnings? (or, Everything You Never Knew You Would Know about Someone You Will Probably Never Meet)."}]}},
{"520":{"ind1":"\\",
"ind2":"\\",
"subfields":[{"a":"\"This work is [primarily a thematic index,] designed to complement but not supplant the various Vogel catalogs.\"--Page viii."}]}},
{"504":{"ind1":"\\",
"ind2":"\\",
"subfields":[{"a":"Bibliography: pages [445]-452."}]}},
{"650":{"ind1":"\\",
"ind2":"0",
"subfields":[{"a":"Human anatomy"},
{"v":"Early works to 1800."}]}},
{"650":{"ind1":"\\",
"ind2":"2",
"subfields":[{"a":"Anatomy."}]}},
{"650":{"ind1":"\\",
"ind2":"7",
"subfields":[{"a":"Human anatomy."},
{"2":"fast"},
{"0":"(OCoLC)fst00962785"}]}},
{"650":{"ind1":"1",
"ind2":"7",
"subfields":[{"a":"Documentaires."},
{"2":"gtt"}]}},
{"655":{"ind1":"\\",
"ind2":"7",
"subfields":[{"a":"Early works."},
{"2":"fast"},
{"0":"(OCoLC)fst01411636"}]}},
{"776":{"ind1":"0",
"ind2":"8",
"subfields":[{"i":"Online version:"},
{"a":"Montaña de Monserrate, Bernardino."},
{"t":"Libro de la anatomía del hombre."},
{"d":"[Madrid] Instituto Bibliográfico Hispanico [1973]"},
{"w":"(OCoLC)598937737"}]}},
{"830":{"ind1":"\\",
"ind2":"0",
"subfields":[{"a":"Colección Primeras ediciones. Serie folio ;"},
{"v":"1."}]}},
{"856":{"ind1":"4",
"ind2":"1",
"subfields":[{"u":"http:\/\/purl.fdlp.gov\/GPO\/gpo72741"}]}},
{"856":{"ind1":"4",
"ind2":"\\",
"subfields":[{"u":"https:\/\/www.state.gov\/r\/pa\/ei\/bgn\/"}]}}]},{"leader":"02059cam a2200409   4500",
"fields":[{"001":"ocm00000006"},
{"003":"OCoLC"},
{"005":"20180803212452.2"},
{"008":"690325s1964\\\\\\\\dcu\\\\\\\\\\\\\\\\\\\\f100\\0\\eng\\\\"},
{"010":{"ind1":"\\",
"ind2":"\\",
"subfields":[{"a":"   64062399 "}]}},
{"040":{"ind1":"\\",
"ind2":"\\",
"subfields":[{"a":"DLC"},
{"b":"eng"},
{"c":"DLC"},
{"d":"CPE"},
{"d":"TS259"},
{"d":"OCLCF"},
{"d":"AZDAC"},
{"d":"OCLCQ"},
{"d":"FTU"},
{"d":"ESUCM"},
{"d":"OCLCQ"},
{"d":"IOG"},
{"d":"OCLCQ"},
{"d":"OKX"},
{"d":"FQR"}]}},
{"029":{"ind1":"1",
"ind2":"\\",
"subfields":[{"a":"CHDSB"},
{"b":"005307781"}]}},
{"029":{"ind1":"1",
"ind2":"\\",
"subfields":[{"a":"CHVBK"},
{"b":"101446284"}]}},
{"035":{"ind1":"\\",
"ind2":"\\",
"subfields":[{"a":"(OCoLC)6"}]}},
{"050":{"ind1":"0",
"ind2":"0",
"subfields":[{"a":"J82.D792"},
{"b":"May 8, 1964"}]}},
{"082":{"ind1":"0",
"ind2":"0",
"subfields":[{"a":"973.918"}]}},
{"086":{"ind1":"0",
"ind2":"\\",
"subfields":[{"a":"Y 4.C 73\/8:111-129"}]}},
{"086":{"ind1":"0",
"ind2":"\\",
"subfields":[{"a":"Y 1.1\/2:12622 1964 no. 88"}]}},
{"086":{"ind1":"0",
"ind2":"\\",
"subfields":[{"a":"GA 1.13:CED-76-130"}]}},
{"049":{"ind1":"\\",
"ind2":"\\",
"subfields":[{"a":"MAIN"}]}},
{"110":{"ind1":"1",
"ind2":"\\",
"subfields":[{"a":"United States."},
{"b":"Congress"},
{"n":"(88th, 2nd session :"},
{"d":"1964)."},
{"b":"Senate."}]}},
{"245":{"ind1":"1",
"ind2":"0",
"subfields":[{"a":"Remarks by former President Harry S. Truman and responses by members of the Senate thereto"},
{"b":"in the United States Senate on May 8, 1964. Being the occasion of Mr. Truman's eightieth birthday and the historic first instance of the operation of the recent amendment to Rule XIX of the Standing rules of the Senate authorizing former presidents to address the Senate in session."},
{"c":"Presented by Mr. Pell."}]}},
{"260":{"ind1":"\\",
"ind2":"\\",
"subfields":[{"a":"Washington,"},
{"b":"U.S. Govt. Print. Off.,"},
{"c":"1964."}]}},
{"300":{"ind1":"\\",
"ind2":"\\",
"subfields":[{"a":"v, 18 pages"},
{"c":"24 cm."}]}},
{"336":{"ind1":"\\",
"ind2":"\\",
"subfields":[{"a":"text"},
{"b":"txt"},
{"2":"rdacontent"}]}},
{"337":{"ind1":"\\",
"ind2":"\\",
"subfields":[{"a":"unmediated"},
{"b":"n"},
{"2":"rdamedia"}]}},
{"338":{"ind1":"\\",
"ind2":"\\",
"subfields":[{"a":"volume"},
{"b":"nc"},
{"2":"rdacarrier"}]}},
{"490":{"ind1":"1",
"ind2":"\\",
"subfields":[{"a":"Its Document"},
{"v":"no. 88"}]}},
{"600":{"ind1":"1",
"ind2":"0",
"subfields":[{"a":"Truman, Harry S.,"},
{"d":"1884-1972."}]}},
{"650":{"ind1":"0",
"ind2":"4",
"subfields":[{"a":"Menores (Derecho penal)"},
{"z":"España."}]}},
{"650":{"ind1":"0",
"ind2":"4",
"subfields":[{"a":"Menores"},
{"x":"Responsabilidad penal"},
{"z":"España."}]}},
{"650":{"ind1":"0",
"ind2":"4",
"subfields":[{"a":"Reformatorios"},
{"z":"España."}]}},
{"600":{"ind1":"1",
"ind2":"7",
"subfields":[{"a":"Truman, Harry S.,"},
{"d":"1884-1972."},
{"2":"fast"},
{"0":"(OCoLC)fst00032671"}]}},
{"776":{"ind1":"0",
"ind2":"8",
"subfields":[{"i":"Online version:"},
{"a":"United States. Congress (88th, 2nd session : 1964). Senate."},
{"t":"Remarks by former President Harry S. Truman and responses by members of the Senate thereto."},
{"d":"Washington, U.S. Govt. Print. Off., 1964"},
{"w":"(OCoLC)744560772"}]}},
{"830":{"ind1":"\\",
"ind2":"0",
"subfields":[{"a":"Senate document (United States. Congress. Senate) ;"},
{"v":"88th Congress, no. 88."}]}},
{"856":{"ind1":"4",
"ind2":"1",
"subfields":[{"u":"http:\/\/purl.fdlp.gov\/GPO\/gpo34890"}]}},
{"856":{"ind1":"4",
"ind2":"\\",
"subfields":[{"u":"http:\/\/www.gpo.gov\/fdsys\/pkg\/CHRG-111hhrg76584\/pdf\/CHRG-111hhrg76584.pdf"}]}}]},{"leader":"02262cam a2200517 i 4500",
"fields":[{"001":"ocm00000007"},
{"003":"OCoLC"},
{"005":"20180808172023.7"},
{"008":"690506s1964\\\\\\\\dcubd\\\\\\\\\\\\\\\\f000\\0\\eng\\\\"},
{"010":{"ind1":"\\",
"ind2":"\\",
"subfields":[{"a":"   64062867 "}]}},
{"040":{"ind1":"\\",
"ind2":"\\",
"subfields":[{"a":"DLC"},
{"b":"eng"},
{"e":"rda"},
{"c":"DLC"},
{"d":"AGL"},
{"d":"OCL"},
{"d":"OCLCQ"},
{"d":"CUY"},
{"d":"OCL"},
{"d":"NED"},
{"d":"OCLCO"},
{"d":"OCLCQ"},
{"d":"OCLCF"},
{"d":"OCLCO"},
{"d":"AZDAC"},
{"d":"OCLCQ"},
{"d":"GPO"},
{"d":"ESUCM"},
{"d":"OCLCO"},
{"d":"OCLCQ"},
{"d":"FUG"},
{"d":"OCL"},
{"d":"BUF"},
{"d":"GILDS"},
{"d":"FQR"}]}},
{"016":{"ind1":"7",
"ind2":"\\",
"subfields":[{"a":"CAT10895227"},
{"2":"DNAL"}]}},
{"035":{"ind1":"\\",
"ind2":"\\",
"subfields":[{"a":"(OCoLC)7"}]}},
{"042":{"ind1":"\\",
"ind2":"\\",
"subfields":[{"a":"pcc"}]}},
{"043":{"ind1":"\\",
"ind2":"\\",
"subfields":[{"a":"n-us---"}]}},
{"050":{"ind1":"0",
"ind2":"4",
"subfields":[{"a":"HD9036"},
{"b":".A52 1964b"}]}},
{"070":{"ind1":"0",
"ind2":"\\",
"subfields":[{"a":"HD9036"},
{"b":".A52 1964b"}]}},
{"072":{"ind1":"\\",
"ind2":"0",
"subfields":[{"a":"E700"}]}},
{"072":{"ind1":"\\",
"ind2":"0",
"subfields":[{"a":"Q004"}]}},
{"082":{"ind1":"0",
"ind2":"\\",
"subfields":[{"a":"338.7\/63\/0924"}]}},
{"086":{"ind1":"0",
"ind2":"\\",
"subfields":[{"a":"Y 4.G 74\/7:Es 8\/2"}]}},
{"086":{"ind1":"0",
"ind2":"\\",
"subfields":[{"a":"Y 4.G 74\/7:ES 8\/2"}]}},
{"086":{"ind1":"0",
"ind2":"\\",
"subfields":[{"a":"C 55.13:NMFS 66"}]}},
{"086":{"ind1":"0",
"ind2":"\\",
"subfields":[{"a":"C 55.25:8"}]}},
{"086":{"ind1":"0",
"ind2":"\\",
"subfields":[{"a":"D 103.6\/5:F 53\/3"}]}},
{"049":{"ind1":"\\",
"ind2":"\\",
"subfields":[{"a":"MAIN"}]}},
{"110":{"ind1":"1",
"ind2":"\\",
"subfields":[{"a":"United States."},
{"b":"Congress."},
{"b":"House."},
{"b":"Committee on Government Operations."},
{"b":"Intergovernmental Relations Subcommittee,"},
{"e":"author."}]}},
{"245":{"ind1":"1",
"ind2":"0",
"subfields":[{"a":"Operations of Billie Sol Estes :"},
{"b":"report prepared by the Intergovernmental Relations Subcommittee of the Committee on Government Operations. October 1964."}]}},
{"264":{"ind1":"\\",
"ind2":"1",
"subfields":[{"a":"Washington, DC :"},
{"b":"United States Government Printing Office,"},
{"c":"1964."}]}},
{"300":{"ind1":"\\",
"ind2":"\\",
"subfields":[{"a":"v, 439 pages :"},
{"b":"maps, charts ;"},
{"c":"24 cm"}]}},
{"336":{"ind1":"\\",
"ind2":"\\",
"subfields":[{"a":"text"},
{"b":"txt"},
{"2":"rdacontent"}]}},
{"337":{"ind1":"\\",
"ind2":"\\",
"subfields":[{"a":"unmediated"},
{"b":"n"},
{"2":"rdamedia"}]}},
{"338":{"ind1":"\\",
"ind2":"\\",
"subfields":[{"a":"volume"},
{"b":"nc"},
{"2":"rdacarrier"}]}},
{"500":{"ind1":"\\",
"ind2":"\\",
"subfields":[{"a":"At head of title: Subcommittee print. 88th Congress, 2d session. House of Representatives."}]}},
{"504":{"ind1":"\\",
"ind2":"\\",
"subfields":[{"a":"Includes bibliographies and index."}]}},
{"600":{"ind1":"1",
"ind2":"0",
"subfields":[{"a":"Estes, Billie Sol."}]}},
{"650":{"ind1":"\\",
"ind2":"0",
"subfields":[{"a":"Grain trade"},
{"z":"United States."}]}},
{"650":{"ind1":"\\",
"ind2":"0",
"subfields":[{"a":"Grain elevators"},
{"z":"United States."}]}},
{"600":{"ind1":"1",
"ind2":"7",
"subfields":[{"a":"Estes, Billie Sol."},
{"2":"fast"},
{"0":"(OCoLC)fst00125430"}]}},
{"650":{"ind1":"\\",
"ind2":"7",
"subfields":[{"a":"Grain elevators."},
{"2":"fast"},
{"0":"(OCoLC)fst00946039"}]}},
{"650":{"ind1":"\\",
"ind2":"7",
"subfields":[{"a":"Grain trade."},
{"2":"fast"},
{"0":"(OCoLC)fst00946068"}]}},
{"651":{"ind1":"\\",
"ind2":"7",
"subfields":[{"a":"United States."},
{"2":"fast"},
{"0":"(OCoLC)fst01204155"}]}},
{"655":{"ind1":"\\",
"ind2":"7",
"subfields":[{"a":"Legislative materials."},
{"2":"fast"},
{"0":"(OCoLC)fst01774285"}]}},
{"655":{"ind1":"\\",
"ind2":"7",
"subfields":[{"a":"Legislative materials."},
{"2":"lcgft"}]}},
{"710":{"ind1":"1",
"ind2":"\\",
"subfields":[{"a":"United States."},
{"b":"Congress"},
{"n":"(88th, 2nd session :"},
{"d":"1964)."},
{"b":"House."}]}},
{"776":{"ind1":"0",
"ind2":"8",
"subfields":[{"i":"Online version:"},
{"a":"United States. Congress. House. Committee on Government Operations. Intergovernmental Relations Subcommittee."},
{"t":"Operations of Billie Sol Estes."},
{"d":"Washington : U.S.G.P.O., 1964"},
{"w":"(OCoLC)983725525"}]}}]},{"leader":"01505cam a2200337   4500",
"fields":[{"001":"ocm00000008"},
{"003":"OCoLC"},
{"005":"20180802154601.1"},
{"008":"690408s1963\\\\\\\\kyu\\\\\\\\\\\\b\\\\\\s000\\0\\eng\\\\"},
{"010":{"ind1":"\\",
"ind2":"\\",
"subfields":[{"a":"   64063587 "}]}},
{"040":{"ind1":"\\",
"ind2":"\\",
"subfields":[{"a":"DLC"},
{"b":"eng"},
{"c":"DLC"},
{"d":"OCL"},
{"d":"HNW"},
{"d":"OCL"},
{"d":"ORE"},
{"d":"OCLCQ"},
{"d":"OCLCF"},
{"d":"KSL"},
{"d":"AZDAC"},
{"d":"OCLCQ"},
{"d":"ESUCM"},
{"d":"OCLCQ"},
{"d":"OCLCA"}]}},
{"035":{"ind1":"\\",
"ind2":"\\",
"subfields":[{"a":"(OCoLC)8"}]}},
{"043":{"ind1":"\\",
"ind2":"\\",
"subfields":[{"a":"n-us-ky"}]}},
{"050":{"ind1":"0",
"ind2":"0",
"subfields":[{"a":"JK5388.A1"},
{"b":"Z4"}]}},
{"082":{"ind1":"0",
"ind2":"0",
"subfields":[{"a":"353.9769\/007\/12"}]}},
{"049":{"ind1":"\\",
"ind2":"\\",
"subfields":[{"a":"MAIN"}]}},
{"100":{"ind1":"1",
"ind2":"\\",
"subfields":[{"a":"Zettlemoyer, Charles L."}]}},
{"245":{"ind1":"1",
"ind2":"0",
"subfields":[{"a":"State purchasing in Kentucky."},
{"c":"Prepared by Charles L. Zettlemoyer."}]}},
{"260":{"ind1":"\\",
"ind2":"\\",
"subfields":[{"a":"Frankfort, Ky.,"},
{"b":"Legislative Research Commission,"},
{"c":"1963."}]}},
{"300":{"ind1":"\\",
"ind2":"\\",
"subfields":[{"a":"v, 33 pages"},
{"c":"28 cm."}]}},
{"336":{"ind1":"\\",
"ind2":"\\",
"subfields":[{"a":"text"},
{"b":"txt"},
{"2":"rdacontent"}]}},
{"337":{"ind1":"\\",
"ind2":"\\",
"subfields":[{"a":"unmediated"},
{"b":"n"},
{"2":"rdamedia"}]}},
{"338":{"ind1":"\\",
"ind2":"\\",
"subfields":[{"a":"volume"},
{"b":"nc"},
{"2":"rdacarrier"}]}},
{"490":{"ind1":"1",
"ind2":"\\",
"subfields":[{"a":"Kentucky. General Assembly. Legislative Research Commission. Research report"},
{"v":"no. 18"}]}},
{"504":{"ind1":"\\",
"ind2":"\\",
"subfields":[{"a":"Includes bibliographical references."}]}},
{"505":{"ind1":"0",
"ind2":"\\",
"subfields":[{"a":"Scope of centralized purchasing -- Analysis of law and procedures -- Findings and recommendations of the Advisory Committee on Purchasing."}]}},
{"650":{"ind1":"\\",
"ind2":"0",
"subfields":[{"a":"Government purchasing"},
{"z":"Kentucky."}]}},
{"650":{"ind1":"\\",
"ind2":"7",
"subfields":[{"a":"Government purchasing."},
{"2":"fast"},
{"0":"(OCoLC)fst00945538"}]}},
{"651":{"ind1":"\\",
"ind2":"7",
"subfields":[{"a":"Kentucky."},
{"2":"fast"},
{"0":"(OCoLC)fst01204494"}]}},
{"776":{"ind1":"0",
"ind2":"8",
"subfields":[{"i":"Online version:"},
{"a":"Zettlemoyer, Charles L."},
{"t":"State purchasing in Kentucky."},
{"d":"Frankfort, Ky., Legislative Research Commission, 1963"},
{"w":"(OCoLC)948403032"}]}},
{"830":{"ind1":"\\",
"ind2":"0",
"subfields":[{"a":"Research report (Kentucky. General Assembly. Legislative Research Commission) ;"},
{"v":"no. 18."}]}}]},{"leader":"01929cam a2200385   4500",
"fields":[{"001":"ocm00000009"},
{"003":"OCoLC"},
{"005":"20180803213721.0"},
{"008":"690429s1963\\\\\\\\kyuak\\\\\\\\b\\\\\\\\000\\0\\eng\\\\"},
{"010":{"ind1":"\\",
"ind2":"\\",
"subfields":[{"a":"   64063588 "}]}},
{"040":{"ind1":"\\",
"ind2":"\\",
"subfields":[{"a":"DLC"},
{"b":"eng"},
{"c":"DLC"},
{"d":"OCLCQ"},
{"d":"BUF"},
{"d":"HNW"},
{"d":"OCLCO"},
{"d":"OCLCQ"},
{"d":"OCLCF"},
{"d":"KSL"},
{"d":"OCLCO"},
{"d":"AZDAC"},
{"d":"OCLCQ"},
{"d":"IOG"},
{"d":"OCLCQ"},
{"d":"PAU"},
{"d":"OCLCA"},
{"d":"FQR"}]}},
{"035":{"ind1":"\\",
"ind2":"\\",
"subfields":[{"a":"(OCoLC)9"}]}},
{"043":{"ind1":"\\",
"ind2":"\\",
"subfields":[{"a":"n-us-ky"}]}},
{"050":{"ind1":"0",
"ind2":"4",
"subfields":[{"a":"HD7816.U7"},
{"b":"K25 1963"}]}},
{"082":{"ind1":"0",
"ind2":"\\",
"subfields":[{"a":"368.4\/1\/009769"}]}},
{"086":{"ind1":"0",
"ind2":"\\",
"subfields":[{"a":"EP 2.28:67"}]}},
{"049":{"ind1":"\\",
"ind2":"\\",
"subfields":[{"a":"MAIN"}]}},
{"100":{"ind1":"1",
"ind2":"\\",
"subfields":[{"a":"Caswell, Barbara W."}]}},
{"245":{"ind1":"1",
"ind2":"0",
"subfields":[{"a":"Workmen's compensation benefits in Kentucky,"},
{"c":"prepared by Barbara W. Caswell."}]}},
{"260":{"ind1":"\\",
"ind2":"\\",
"subfields":[{"a":"Frankfort, Ky.,"},
{"b":"Legislative Research Commission,"},
{"c":"1963."}]}},
{"300":{"ind1":"\\",
"ind2":"\\",
"subfields":[{"a":"v, 27 pages"},
{"b":"illustrations, forms"},
{"c":"29 cm."}]}},
{"336":{"ind1":"\\",
"ind2":"\\",
"subfields":[{"a":"text"},
{"b":"txt"},
{"2":"rdacontent"}]}},
{"337":{"ind1":"\\",
"ind2":"\\",
"subfields":[{"a":"unmediated"},
{"b":"n"},
{"2":"rdamedia"}]}},
{"338":{"ind1":"\\",
"ind2":"\\",
"subfields":[{"a":"volume"},
{"b":"nc"},
{"2":"rdacarrier"}]}},
{"490":{"ind1":"1",
"ind2":"\\",
"subfields":[{"a":"Kentucky. General Assembly. Legislative Research Commission. Research report"},
{"v":"no. 19"}]}},
{"504":{"ind1":"\\",
"ind2":"\\",
"subfields":[{"a":"Includes bibliographical references (page 12)."}]}},
{"505":{"ind1":"0",
"ind2":"\\",
"subfields":[{"a":"Introduction -- Economic and social characteristics of cases where the family head was occupationally killed -- Economic and social characteristics in cases where the family head was disabled."}]}},
{"650":{"ind1":"\\",
"ind2":"0",
"subfields":[{"a":"Workers' compensation"},
{"x":"Law and legislation"},
{"z":"Kentucky."}]}},
{"650":{"ind1":"\\",
"ind2":"4",
"subfields":[{"a":"MERGE TEST - FIELD SHOULD BE RETAINED."}]}},
{"650":{"ind1":"\\",
"ind2":"7",
"subfields":[{"a":"Workers' compensation"},
{"x":"Law and legislation."},
{"2":"fast"},
{"0":"(OCoLC)fst01180367"}]}},
{"651":{"ind1":"\\",
"ind2":"7",
"subfields":[{"a":"Kentucky."},
{"2":"fast"},
{"0":"(OCoLC)fst01204494"}]}},
{"776":{"ind1":"0",
"ind2":"8",
"subfields":[{"i":"Online version:"},
{"a":"Caswell, Barbara W."},
{"t":"Workmen's compensation benefits in Kentucky."},
{"d":"Frankfort, Ky., Legislative Research Commission, 1963"},
{"w":"(OCoLC)741992866"}]}},
{"830":{"ind1":"\\",
"ind2":"0",
"subfields":[{"a":"Research report (Kentucky. General Assembly. Legislative Research Commission) ;"},
{"v":"no. 19."}]}},
{"856":{"ind1":"4",
"ind2":"1",
"subfields":[{"u":"http:\/\/grinnell.NaxosMusicLibrary.com\/catalogue\/item.asp?cid=603497077069"},
{"z":"Play electronic music file"}]}},
{"856":{"ind1":"4",
"ind2":"1",
"subfields":[{"u":"MERGE TEST - FIELD SHOULD BE RETAINED"}]}}]},{"leader":"01799cam a2200433   4500",
"fields":[{"001":"ocm00000010"},
{"003":"OCoLC"},
{"005":"20180803121124.5"},
{"008":"690428s1963\\\\\\\\nyu\\\\\\\\\\\\b\\\\\\\\000\\0\\eng\\\\"},
{"010":{"ind1":"\\",
"ind2":"\\",
"subfields":[{"a":"   64063631 "}]}},
{"040":{"ind1":"\\",
"ind2":"\\",
"subfields":[{"a":"DLC"},
{"b":"eng"},
{"c":"DLC"},
{"d":"MUQ"},
{"d":"BTCTA"},
{"d":"HNW"},
{"d":"CUS"},
{"d":"OCLCQ"},
{"d":"OCLCF"},
{"d":"AZDAC"},
{"d":"ORU"},
{"d":"OCLCQ"},
{"d":"OCLCA"}]}},
{"029":{"ind1":"1",
"ind2":"\\",
"subfields":[{"a":"AU@"},
{"b":"000023954555"}]}},
{"029":{"ind1":"1",
"ind2":"\\",
"subfields":[{"a":"DEBBG"},
{"b":"BV002059691"}]}},
{"029":{"ind1":"1",
"ind2":"\\",
"subfields":[{"a":"NZ1"},
{"b":"13001832"}]}},
{"035":{"ind1":"\\",
"ind2":"\\",
"subfields":[{"a":"(OCoLC)10"}]}},
{"043":{"ind1":"\\",
"ind2":"\\",
"subfields":[{"a":"n-us-ny"}]}},
{"050":{"ind1":"0",
"ind2":"0",
"subfields":[{"a":"HD7287.9"},
{"b":".B415"}]}},
{"082":{"ind1":"0",
"ind2":"0",
"subfields":[{"a":"301.5\/4"}]}},
{"049":{"ind1":"\\",
"ind2":"\\",
"subfields":[{"a":"MAIN"}]}},
{"100":{"ind1":"1",
"ind2":"\\",
"subfields":[{"a":"Beyer, Glenn H."}]}},
{"245":{"ind1":"1",
"ind2":"4",
"subfields":[{"a":"The elderly and their housing"},
{"c":"[by] Glenn H. Beyer and Sylvia G. Wahl."}]}},
{"260":{"ind1":"\\",
"ind2":"\\",
"subfields":[{"a":"Ithaca, N.Y.,"},
{"b":"Cornell University Agricultural Experiment Station, New York State College of Home Economics,"},
{"c":"1963."}]}},
{"300":{"ind1":"\\",
"ind2":"\\",
"subfields":[{"a":"63 pages"},
{"c":"23 cm."}]}},
{"336":{"ind1":"\\",
"ind2":"\\",
"subfields":[{"a":"text"},
{"b":"txt"},
{"2":"rdacontent"}]}},
{"337":{"ind1":"\\",
"ind2":"\\",
"subfields":[{"a":"unmediated"},
{"b":"n"},
{"2":"rdamedia"}]}},
{"338":{"ind1":"\\",
"ind2":"\\",
"subfields":[{"a":"volume"},
{"b":"nc"},
{"2":"rdacarrier"}]}},
{"490":{"ind1":"1",
"ind2":"\\",
"subfields":[{"a":"[New York. Agricultural Experiment Station, Ithaca] Bulletin"},
{"v":"989"}]}},
{"504":{"ind1":"\\",
"ind2":"\\",
"subfields":[{"a":"Includes bibliographical references."}]}},
{"650":{"ind1":"\\",
"ind2":"0",
"subfields":[{"a":"Older people"},
{"x":"Dwellings"},
{"z":"New York (State)"}]}},
{"650":{"ind1":"\\",
"ind2":"0",
"subfields":[{"a":"Older people"},
{"z":"New York (State)"}]}},
{"650":{"ind1":"\\",
"ind2":"6",
"subfields":[{"a":"Vieillesse"},
{"x":"Logement."}]}},
{"650":{"ind1":"\\",
"ind2":"6",
"subfields":[{"a":"Personnes âgées"},
{"z":"New York (État)"}]}},
{"650":{"ind1":"\\",
"ind2":"7",
"subfields":[{"a":"Older people."},
{"2":"fast"},
{"0":"(OCoLC)fst01199093"}]}},
{"650":{"ind1":"\\",
"ind2":"7",
"subfields":[{"a":"Older people"},
{"x":"Dwellings."},
{"2":"fast"},
{"0":"(OCoLC)fst01199101"}]}},
{"651":{"ind1":"\\",
"ind2":"7",
"subfields":[{"a":"New York (State)"},
{"2":"fast"},
{"0":"(OCoLC)fst01210280"}]}},
{"700":{"ind1":"1",
"ind2":"\\",
"subfields":[{"a":"Wahl, Sylvia G.,"},
{"e":"author."}]}},
{"776":{"ind1":"0",
"ind2":"8",
"subfields":[{"i":"Online version:"},
{"a":"Beyer, Glenn H."},
{"t":"Elderly and their housing."},
{"d":"Ithaca, N.Y., Cornell University Agricultural Experiment Station, New York State College of Home Economics, 1963"},
{"w":"(OCoLC)609594637"}]}},
{"830":{"ind1":"\\",
"ind2":"0",
"subfields":[{"a":"Bulletin (New York State Agricultural Experiment Station) ;"},
{"v":"no. 989."}]}},
{"938":{"ind1":"\\",
"ind2":"\\",
"subfields":[{"a":"Baker and Taylor"},
{"b":"BTCP"},
{"n":"64063631"}]}}]},{"leader":"01189cam a2200313   4500",
"fields":[{"001":"ocm00000011"},
{"003":"OCoLC"},
{"005":"20180803131840.3"},
{"008":"690424s1963\\\\\\\\wyua\\\\\\\\\\\\\\\\\\s000\\0\\eng\\\\"},
{"010":{"ind1":"\\",
"ind2":"\\",
"subfields":[{"a":"   64063835 "}]}},
{"040":{"ind1":"\\",
"ind2":"\\",
"subfields":[{"a":"DLC"},
{"b":"eng"},
{"c":"DLC"},
{"d":"OCL"},
{"d":"SER"},
{"d":"OCLCQ"},
{"d":"IUL"},
{"d":"HNW"},
{"d":"OCLCQ"},
{"d":"OCLCF"},
{"d":"AZDAC"},
{"d":"OCLCQ"},
{"d":"OCLCA"}]}},
{"029":{"ind1":"1",
"ind2":"\\",
"subfields":[{"a":"AU@"},
{"b":"000055123827"}]}},
{"035":{"ind1":"\\",
"ind2":"\\",
"subfields":[{"a":"(OCoLC)11"}]}},
{"043":{"ind1":"\\",
"ind2":"\\",
"subfields":[{"a":"n-us-wy"}]}},
{"050":{"ind1":"0",
"ind2":"\\",
"subfields":[{"a":"HC107.W9"},
{"b":"W933 no. 11"}]}},
{"082":{"ind1":"0",
"ind2":"\\",
"subfields":[{"a":"339.41\/09787"}]}},
{"049":{"ind1":"\\",
"ind2":"\\",
"subfields":[{"a":"MAIN"}]}},
{"100":{"ind1":"1",
"ind2":"\\",
"subfields":[{"a":"Lund, Richard E."}]}},
{"245":{"ind1":"1",
"ind2":"0",
"subfields":[{"a":"Personal income in Wyoming counties, 1929-1959,"},
{"c":"by Richard E. Lund."}]}},
{"260":{"ind1":"\\",
"ind2":"\\",
"subfields":[{"a":"Laramie,"},
{"b":"Division of Business and Economic Research, University of Wyoming,"},
{"c":"1963."}]}},
{"300":{"ind1":"\\",
"ind2":"\\",
"subfields":[{"a":"45 pages"},
{"b":"illustrations"},
{"c":"23 cm."}]}},
{"336":{"ind1":"\\",
"ind2":"\\",
"subfields":[{"a":"text"},
{"b":"txt"},
{"2":"rdacontent"}]}},
{"337":{"ind1":"\\",
"ind2":"\\",
"subfields":[{"a":"unmediated"},
{"b":"n"},
{"2":"rdamedia"}]}},
{"338":{"ind1":"\\",
"ind2":"\\",
"subfields":[{"a":"volume"},
{"b":"nc"},
{"2":"rdacarrier"}]}},
{"490":{"ind1":"1",
"ind2":"\\",
"subfields":[{"a":"University of Wyoming. Division of Business and Economic Research. Information circular"},
{"v":"no. 11"}]}},
{"650":{"ind1":"\\",
"ind2":"0",
"subfields":[{"a":"Income"},
{"z":"Wyoming."}]}},
{"650":{"ind1":"\\",
"ind2":"7",
"subfields":[{"a":"Income."},
{"2":"fast"},
{"0":"(OCoLC)fst00968635"}]}},
{"651":{"ind1":"\\",
"ind2":"7",
"subfields":[{"a":"Wyoming."},
{"2":"fast"},
{"0":"(OCoLC)fst01204583"}]}},
{"810":{"ind1":"2",
"ind2":"\\",
"subfields":[{"a":"University of Wyoming."},
{"b":"Division of Business and Economic Research."},
{"t":"Information circular ;"},
{"v":"no. 11."}]}}]},{"leader":"02268cam a2200361   4500",
"fields":[{"001":"ocm00000012"},
{"003":"OCoLC"},
{"005":"20180331013040.3"},
{"008":"690509s1964\\\\\\\\idu\\\\\\\\\\\\bm\\\\\\000\\0\\eng\\\\"},
{"010":{"ind1":"\\",
"ind2":"\\",
"subfields":[{"a":"   64063999 "}]}},
{"040":{"ind1":"\\",
"ind2":"\\",
"subfields":[{"a":"DLC"},
{"b":"eng"},
{"c":"DLC"},
{"d":"OCL"},
{"d":"OCLCQ"},
{"d":"CRU"},
{"d":"NIALS"},
{"d":"HNW"},
{"d":"OCLCQ"},
{"d":"OCLCF"},
{"d":"OCLCQ"},
{"d":"OCLCO"},
{"d":"AZDAC"},
{"d":"ITC"},
{"d":"ESUCM"},
{"d":"OCLCQ"},
{"d":"OCL"},
{"d":"HVL"}]}},
{"035":{"ind1":"\\",
"ind2":"\\",
"subfields":[{"a":"(OCoLC)12"}]}},
{"043":{"ind1":"\\",
"ind2":"\\",
"subfields":[{"a":"n-us---"}]}},
{"050":{"ind1":"0",
"ind2":"0",
"subfields":[{"a":"KF6369.3"},
{"b":".G3"}]}},
{"082":{"ind1":"0",
"ind2":"0",
"subfields":[{"a":"340"}]}},
{"049":{"ind1":"\\",
"ind2":"\\",
"subfields":[{"a":"MAIN"}]}},
{"100":{"ind1":"1",
"ind2":"\\",
"subfields":[{"a":"Galles, George Raymond,"},
{"d":"1918-"}]}},
{"245":{"ind1":"1",
"ind2":"0",
"subfields":[{"a":"Involuntary conversions under the Federal income tax laws."}]}},
{"260":{"ind1":"\\",
"ind2":"\\",
"subfields":[{"a":"Moscow"},
{"b":"[University of Idaho, Bureau of Business and Economic Research]"},
{"c":"1964."}]}},
{"300":{"ind1":"\\",
"ind2":"\\",
"subfields":[{"a":"v, 46 leaves"},
{"c":"28 cm."}]}},
{"336":{"ind1":"\\",
"ind2":"\\",
"subfields":[{"a":"text"},
{"b":"txt"},
{"2":"rdacontent"}]}},
{"337":{"ind1":"\\",
"ind2":"\\",
"subfields":[{"a":"unmediated"},
{"b":"n"},
{"2":"rdamedia"}]}},
{"338":{"ind1":"\\",
"ind2":"\\",
"subfields":[{"a":"volume"},
{"b":"nc"},
{"2":"rdacarrier"}]}},
{"490":{"ind1":"1",
"ind2":"\\",
"subfields":[{"a":"Idaho BBER"},
{"v":"monograph no. 2"}]}},
{"502":{"ind1":"\\",
"ind2":"\\",
"subfields":[{"b":"M.S."},
{"c":"University of Idaho"}]}},
{"504":{"ind1":"\\",
"ind2":"\\",
"subfields":[{"a":"Includes bibliographical references (leaves 39-42)."}]}},
{"505":{"ind1":"0",
"ind2":"\\",
"subfields":[{"a":"Precursors of the folklore movement at home and abroad -- The national folklore survey of 1921 in the Calchaquí valley -- White industry: the cultural politics of the sugar industry, 1912 -- 1930 -- Tucumán's sugar elite and Juan Alfonso Carrizo's fieldwork, 1928 -- 1943 -- The politics of folklore under conservative rule, 1930 -- 1943 -- On the Tafí trail: criollo culture on the national stage, 1938 -- 1943 -- The folklore movement under Peronist rule, 1943 -- 1955."}]}},
{"520":{"ind1":"\\",
"ind2":"\\",
"subfields":[{"a":"Three Republican members of the House of Representatives present political solutions based on conservative principles which they believe will increase jobs, strengthen individual freedom, limit the intrusion of the federal government in business, and restore prosperity to the country."}]}},
{"650":{"ind1":"\\",
"ind2":"0",
"subfields":[{"a":"Income tax"},
{"x":"Law and legislation"},
{"z":"United States."}]}},
{"650":{"ind1":"\\",
"ind2":"7",
"subfields":[{"a":"Income tax"},
{"x":"Law and legislation."},
{"2":"fast"},
{"0":"(OCoLC)fst00968749"}]}},
{"651":{"ind1":"\\",
"ind2":"7",
"subfields":[{"a":"United States."},
{"2":"fast"},
{"0":"(OCoLC)fst01204155"}]}},
{"776":{"ind1":"0",
"ind2":"8",
"subfields":[{"i":"Online version:"},
{"a":"Galles, George Raymond, 1918-."},
{"t":"Involuntary conversions under the Federal income tax laws."},
{"d":"Moscow [University of Idaho, Bureau of Business and Economic Research] 1964"},
{"w":"(OCoLC)701698424"}]}},
{"810":{"ind1":"2",
"ind2":"\\",
"subfields":[{"a":"University of Idaho."},
{"b":"Bureau of Business and Economic Research."},
{"t":"Idaho BBER monograph ;"},
{"v":"no. 2."}]}}]},{"leader":"01432cam a2200385   4500",
"fields":[{"001":"ocm00000013"},
{"003":"OCoLC"},
{"005":"20170818023136.2"},
{"008":"690606s1964\\\\\\\\miuk\\\\\\\\\\\\\\\\\\\\001\\0\\eng\\\\"},
{"010":{"ind1":"\\",
"ind2":"\\",
"subfields":[{"a":"   64064293 "}]}},
{"040":{"ind1":"\\",
"ind2":"\\",
"subfields":[{"a":"DLC"},
{"b":"eng"},
{"c":"DLC"},
{"d":"ZNL"},
{"d":"HNW"},
{"d":"OCLCO"},
{"d":"OCLCQ"},
{"d":"OCLCA"},
{"d":"OCLCF"},
{"d":"OCLCO"},
{"d":"AZDAC"},
{"d":"OCLCQ"},
{"d":"BTS"},
{"d":"OCLCO"}]}},
{"035":{"ind1":"\\",
"ind2":"\\",
"subfields":[{"a":"(OCoLC)13"}]}},
{"043":{"ind1":"\\",
"ind2":"\\",
"subfields":[{"a":"n-us-mi"}]}},
{"050":{"ind1":"0",
"ind2":"0",
"subfields":[{"a":"KFM4730"},
{"b":".G5"}]}},
{"082":{"ind1":"0",
"ind2":"0",
"subfields":[{"a":"347.99\/774"}]}},
{"049":{"ind1":"\\",
"ind2":"\\",
"subfields":[{"a":"MAIN"}]}},
{"100":{"ind1":"1",
"ind2":"\\",
"subfields":[{"a":"Gilmore, Horace W.,"},
{"d":"1918-2010."}]}},
{"245":{"ind1":"1",
"ind2":"0",
"subfields":[{"a":"Michigan civil procedure before trial,"},
{"c":"by Horace W. Gilmore."}]}},
{"260":{"ind1":"\\",
"ind2":"\\",
"subfields":[{"a":"Ann Arbor, Mich.,"},
{"b":"Institute of Continuing Legal Education"},
{"c":"[1964]"}]}},
{"300":{"ind1":"\\",
"ind2":"\\",
"subfields":[{"a":"2 volumes"},
{"b":"forms"},
{"c":"24 cm."}]}},
{"336":{"ind1":"\\",
"ind2":"\\",
"subfields":[{"a":"text"},
{"b":"txt"},
{"2":"rdacontent"}]}},
{"337":{"ind1":"\\",
"ind2":"\\",
"subfields":[{"a":"unmediated"},
{"b":"n"},
{"2":"rdamedia"}]}},
{"338":{"ind1":"\\",
"ind2":"\\",
"subfields":[{"a":"volume"},
{"b":"nc"},
{"2":"rdacarrier"}]}},
{"490":{"ind1":"1",
"ind2":"\\",
"subfields":[{"a":"Michigan basic practice handbook"},
{"v":"no. 3-4"}]}},
{"650":{"ind1":"\\",
"ind2":"0",
"subfields":[{"a":"Pre-trial procedure"},
{"z":"Michigan."}]}},
{"650":{"ind1":"\\",
"ind2":"0",
"subfields":[{"a":"Practice of law"},
{"z":"Michigan."}]}},
{"650":{"ind1":"\\",
"ind2":"0",
"subfields":[{"a":"Civil procedure"},
{"z":"Michigan."}]}},
{"650":{"ind1":"\\",
"ind2":"7",
"subfields":[{"a":"Civil procedure."},
{"2":"fast"},
{"0":"(OCoLC)fst00862585"}]}},
{"650":{"ind1":"\\",
"ind2":"7",
"subfields":[{"a":"Practice of law."},
{"2":"fast"},
{"0":"(OCoLC)fst01074534"}]}},
{"650":{"ind1":"\\",
"ind2":"7",
"subfields":[{"a":"Pre-trial procedure."},
{"2":"fast"},
{"0":"(OCoLC)fst01074798"}]}},
{"651":{"ind1":"\\",
"ind2":"7",
"subfields":[{"a":"Michigan."},
{"2":"fast"},
{"0":"(OCoLC)fst01208387"}]}},
{"655":{"ind1":"\\",
"ind2":"7",
"subfields":[{"a":"Legislative hearings."},
{"2":"fast"},
{"0":"(OCoLC)fst01910825"}]}},
{"655":{"ind1":"\\",
"ind2":"7",
"subfields":[{"a":"Legislative hearings."},
{"2":"lcgft"}]}},
{"710":{"ind1":"2",
"ind2":"\\",
"subfields":[{"a":"Institute of Continuing Legal Education (Mich.)"}]}},
{"830":{"ind1":"\\",
"ind2":"0",
"subfields":[{"a":"Michigan basic practice handbook ;"},
{"v":"no. 3-4."}]}}]},{"leader":"01274cam a2200349   4500",
"fields":[{"001":"ocm00000014"},
{"003":"OCoLC"},
{"005":"20160906092450.6"},
{"008":"690605s1963\\\\\\\\nyuc\\\\\\\\\\\\\\\\\\\\000\\0\\eng\\\\"},
{"010":{"ind1":"\\",
"ind2":"\\",
"subfields":[{"a":"   64064724 "}]}},
{"040":{"ind1":"\\",
"ind2":"\\",
"subfields":[{"a":"DLC"},
{"b":"eng"},
{"c":"DLC"},
{"d":"BTCTA"},
{"d":"HNW"},
{"d":"OCLCF"},
{"d":"OCLCQ"},
{"d":"AZDAC"},
{"d":"OCLCQ"}]}},
{"029":{"ind1":"1",
"ind2":"\\",
"subfields":[{"a":"AU@"},
{"b":"000000648463"}]}},
{"029":{"ind1":"1",
"ind2":"\\",
"subfields":[{"a":"AU@"},
{"b":"000023215364"}]}},
{"035":{"ind1":"\\",
"ind2":"\\",
"subfields":[{"a":"(OCoLC)14"}]}},
{"050":{"ind1":"0",
"ind2":"0",
"subfields":[{"a":"Z682"},
{"b":".L9"}]}},
{"082":{"ind1":"0",
"ind2":"0",
"subfields":[{"a":"021.4"}]}},
{"049":{"ind1":"\\",
"ind2":"\\",
"subfields":[{"a":"MAIN"}]}},
{"100":{"ind1":"1",
"ind2":"\\",
"subfields":[{"a":"Lyle, Guy Redvers,"},
{"d":"1907-1994."}]}},
{"245":{"ind1":"1",
"ind2":"4",
"subfields":[{"a":"The librarian's role in society--The challenge"},
{"c":"[by] Guy R. Lyle."}]}},
{"260":{"ind1":"\\",
"ind2":"\\",
"subfields":[{"a":"Geneseo, N.Y.,"},
{"b":"State University College,"},
{"c":"1963."}]}},
{"300":{"ind1":"\\",
"ind2":"\\",
"subfields":[{"a":"17 pages"},
{"b":"portrait"},
{"c":"28 cm."}]}},
{"336":{"ind1":"\\",
"ind2":"\\",
"subfields":[{"a":"text"},
{"b":"txt"},
{"2":"rdacontent"}]}},
{"337":{"ind1":"\\",
"ind2":"\\",
"subfields":[{"a":"unmediated"},
{"b":"n"},
{"2":"rdamedia"}]}},
{"338":{"ind1":"\\",
"ind2":"\\",
"subfields":[{"a":"volume"},
{"b":"nc"},
{"2":"rdacarrier"}]}},
{"490":{"ind1":"1",
"ind2":"\\",
"subfields":[{"a":"Mary C. Richardson lecture,"},
{"v":"6th"}]}},
{"650":{"ind1":"\\",
"ind2":"0",
"subfields":[{"a":"Libraries and society."}]}},
{"650":{"ind1":"\\",
"ind2":"0",
"subfields":[{"a":"Librarians."}]}},
{"650":{"ind1":"\\",
"ind2":"7",
"subfields":[{"a":"Librarians."},
{"2":"fast"},
{"0":"(OCoLC)fst00997301"}]}},
{"650":{"ind1":"\\",
"ind2":"7",
"subfields":[{"a":"Libraries and society."},
{"2":"fast"},
{"0":"(OCoLC)fst00997566"}]}},
{"776":{"ind1":"0",
"ind2":"8",
"subfields":[{"i":"Online version:"},
{"a":"Lyle, Guy Redvers, 1907-1994."},
{"t":"Librarian's role in society--The challenge."},
{"d":"Geneseo, N.Y., State University College, 1963"},
{"w":"(OCoLC)551677666"}]}},
{"830":{"ind1":"\\",
"ind2":"0",
"subfields":[{"a":"Mary C. Richardson lecture ;"},
{"v":"6th."}]}},
{"938":{"ind1":"\\",
"ind2":"\\",
"subfields":[{"a":"Baker and Taylor"},
{"b":"BTCP"},
{"n":"64064724"}]}}]},{"leader":"01458cam a2200361   4500",
"fields":[{"001":"ocm00000015"},
{"003":"OCoLC"},
{"005":"20170115110415.9"},
{"008":"690509s1960\\\\\\\\wiuab\\\\\\\\b\\\\\\\\100\\0\\eng\\\\"},
{"010":{"ind1":"\\",
"ind2":"\\",
"subfields":[{"a":"   64064971 "}]}},
{"040":{"ind1":"\\",
"ind2":"\\",
"subfields":[{"a":"DLC"},
{"b":"eng"},
{"c":"DLC"},
{"d":"OCLCQ"},
{"d":"BTCTA"},
{"d":"TQ@"},
{"d":"HNW"},
{"d":"OCLCQ"},
{"d":"OCLCA"},
{"d":"OCLCF"},
{"d":"AZDAC"},
{"d":"OCLCQ"},
{"d":"OCL"}]}},
{"035":{"ind1":"\\",
"ind2":"\\",
"subfields":[{"a":"(OCoLC)15"}]}},
{"043":{"ind1":"\\",
"ind2":"\\",
"subfields":[{"a":"n-us---"},
{"a":"n-us-wi"}]}},
{"050":{"ind1":"0",
"ind2":"0",
"subfields":[{"a":"UA23"},
{"b":".C65 1959"}]}},
{"082":{"ind1":"0",
"ind2":"0",
"subfields":[{"a":"355.03\/0973"}]}},
{"049":{"ind1":"\\",
"ind2":"\\",
"subfields":[{"a":"MAIN"}]}},
{"111":{"ind1":"2",
"ind2":"\\",
"subfields":[{"a":"Conference on Non-military Defense"},
{"d":"(1959 :"},
{"c":"University of Wisconsin)"}]}},
{"245":{"ind1":"1",
"ind2":"0",
"subfields":[{"a":"Non-military defense; Wisconsin, a case study."},
{"b":"Proceedings of a conference, October 1-3, 1959."},
{"c":"Edited by William K. Chipman."}]}},
{"260":{"ind1":"\\",
"ind2":"\\",
"subfields":[{"a":"[Madison]"},
{"b":"National Security Studies Group, University of Wisconsin"},
{"c":"[1960]"}]}},
{"300":{"ind1":"\\",
"ind2":"\\",
"subfields":[{"a":"xvi, 201 pages"},
{"b":"illustrations, maps"},
{"c":"28 cm"}]}},
{"336":{"ind1":"\\",
"ind2":"\\",
"subfields":[{"a":"text"},
{"b":"txt"},
{"2":"rdacontent"}]}},
{"337":{"ind1":"\\",
"ind2":"\\",
"subfields":[{"a":"unmediated"},
{"b":"n"},
{"2":"rdamedia"}]}},
{"338":{"ind1":"\\",
"ind2":"\\",
"subfields":[{"a":"volume"},
{"b":"nc"},
{"2":"rdacarrier"}]}},
{"504":{"ind1":"\\",
"ind2":"\\",
"subfields":[{"a":"Includes bibliographical references (pages ix-x)."}]}},
{"651":{"ind1":"\\",
"ind2":"0",
"subfields":[{"a":"United States"},
{"x":"Defenses."}]}},
{"650":{"ind1":"\\",
"ind2":"0",
"subfields":[{"a":"Civil defense"},
{"z":"Wisconsin."}]}},
{"650":{"ind1":"\\",
"ind2":"7",
"subfields":[{"a":"Civil defense."},
{"2":"fast"},
{"0":"(OCoLC)fst00862456"}]}},
{"650":{"ind1":"\\",
"ind2":"7",
"subfields":[{"a":"Military readiness."},
{"2":"fast"},
{"0":"(OCoLC)fst01021419"}]}},
{"651":{"ind1":"\\",
"ind2":"7",
"subfields":[{"a":"United States."},
{"2":"fast"},
{"0":"(OCoLC)fst01204155"}]}},
{"651":{"ind1":"\\",
"ind2":"7",
"subfields":[{"a":"Wisconsin."},
{"2":"fast"},
{"0":"(OCoLC)fst01204595"}]}},
{"700":{"ind1":"1",
"ind2":"\\",
"subfields":[{"a":"Chipman, William K.,"},
{"e":"editor."}]}},
{"710":{"ind1":"2",
"ind2":"\\",
"subfields":[{"a":"University of Wisconsin."},
{"b":"National Security Studies Group."}]}},
{"938":{"ind1":"\\",
"ind2":"\\",
"subfields":[{"a":"Baker and Taylor"},
{"b":"BTCP"},
{"n":"64064971"}]}}]},{"leader":"01387cam a2200349   4500",
"fields":[{"001":"ocm00000016"},
{"003":"OCoLC"},
{"005":"20180803212447.2"},
{"008":"690320t19661965nyua\\\\\\\\\\\\\\\\\\\\000\\0\\eng\\\\"},
{"010":{"ind1":"\\",
"ind2":"\\",
"subfields":[{"a":"   64066336 "}]}},
{"040":{"ind1":"\\",
"ind2":"\\",
"subfields":[{"a":"DLC"},
{"b":"eng"},
{"c":"DLC"},
{"d":"OCLCQ"},
{"d":"HNW"},
{"d":"OCLCQ"},
{"d":"OCLCF"},
{"d":"OCLCO"},
{"d":"OCL"},
{"d":"OCLCQ"},
{"d":"FQR"}]}},
{"035":{"ind1":"\\",
"ind2":"\\",
"subfields":[{"a":"(OCoLC)16"}]}},
{"043":{"ind1":"\\",
"ind2":"\\",
"subfields":[{"a":"n-us---"}]}},
{"050":{"ind1":"0",
"ind2":"\\",
"subfields":[{"a":"T73"},
{"b":".A797"}]}},
{"082":{"ind1":"0",
"ind2":"\\",
"subfields":[{"a":"620\/.0076"}]}},
{"086":{"ind1":"0",
"ind2":"\\",
"subfields":[{"a":"I 1.98:C 99\/4\/draft"}]}},
{"049":{"ind1":"\\",
"ind2":"\\",
"subfields":[{"a":"MAIN"}]}},
{"110":{"ind1":"2",
"ind2":"\\",
"subfields":[{"a":"Arco Publishing Company."}]}},
{"245":{"ind1":"1",
"ind2":"0",
"subfields":[{"a":"Operations and maintenance trainee:"},
{"b":"maintenance man trainee, traffic device maintainer trainee, sewage treatment worker trainee; complete study guide to pass high on your civil service test,"},
{"c":"by the Arco Editorial Board."}]}},
{"260":{"ind1":"\\",
"ind2":"\\",
"subfields":[{"a":"New York"},
{"c":"[1966, ©1965]"}]}},
{"300":{"ind1":"\\",
"ind2":"\\",
"subfields":[{"a":"1 volume (various pagings)"},
{"b":"illustrations"},
{"c":"26 cm"}]}},
{"336":{"ind1":"\\",
"ind2":"\\",
"subfields":[{"a":"text"},
{"b":"txt"},
{"2":"rdacontent"}]}},
{"337":{"ind1":"\\",
"ind2":"\\",
"subfields":[{"a":"unmediated"},
{"b":"n"},
{"2":"rdamedia"}]}},
{"338":{"ind1":"\\",
"ind2":"\\",
"subfields":[{"a":"volume"},
{"b":"nc"},
{"2":"rdacarrier"}]}},
{"500":{"ind1":"\\",
"ind2":"\\",
"subfields":[{"a":"\"Arco catalog number: 1241.\""}]}},
{"504":{"ind1":"\\",
"ind2":"\\",
"subfields":[{"a":"Includes bibliographical references (pages 106-107)."}]}},
{"650":{"ind1":"\\",
"ind2":"0",
"subfields":[{"a":"Industrial arts"},
{"v":"Examinations, questions, etc."}]}},
{"650":{"ind1":"\\",
"ind2":"0",
"subfields":[{"a":"Civil service"},
{"z":"United States"},
{"x":"Examinations."}]}},
{"650":{"ind1":"\\",
"ind2":"7",
"subfields":[{"a":"Civil service."},
{"2":"fast"},
{"0":"(OCoLC)fst00862730"}]}},
{"650":{"ind1":"\\",
"ind2":"7",
"subfields":[{"a":"Industrial arts."},
{"2":"fast"},
{"0":"(OCoLC)fst00970804"}]}},
{"651":{"ind1":"\\",
"ind2":"7",
"subfields":[{"a":"United States."},
{"2":"fast"},
{"0":"(OCoLC)fst01204155"}]}},
{"655":{"ind1":"\\",
"ind2":"7",
"subfields":[{"a":"Examinations."},
{"2":"fast"},
{"0":"(OCoLC)fst01423780"}]}}]},{"leader":"02611cam a22006251  4500",
"fields":[{"001":"ocm00000017"},
{"003":"OCoLC"},
{"005":"20180430220112.9"},
{"008":"721219s1969\\\\\\\\nyu\\\\\\\\\\\\b\\\\\\\\000\\0\\eng\\\\"},
{"010":{"ind1":"\\",
"ind2":"\\",
"subfields":[{"a":"   65019066 "}]}},
{"040":{"ind1":"\\",
"ind2":"\\",
"subfields":[{"a":"DLC"},
{"b":"eng"},
{"c":"DLC"},
{"d":"NLM"},
{"d":"CRU"},
{"d":"LGG"},
{"d":"NIALS"},
{"d":"HNW"},
{"d":"HEBIS"},
{"d":"CIRBC"},
{"d":"EZU"},
{"d":"OCLCQ"},
{"d":"OCLCO"},
{"d":"OCLCF"},
{"d":"OCLCQ"},
{"d":"OCL"},
{"d":"NLC"},
{"d":"OCLCO"},
{"d":"OCLCA"},
{"d":"OCLCQ"}]}},
{"016":{"ind1":"7",
"ind2":"\\",
"subfields":[{"a":"0201606"},
{"2":"DNLM"}]}},
{"016":{"ind1":"\\",
"ind2":"\\",
"subfields":[{"a":"(AMICUS)000001294741"}]}},
{"029":{"ind1":"1",
"ind2":"\\",
"subfields":[{"a":"AU@"},
{"b":"000000650128"}]}},
{"029":{"ind1":"1",
"ind2":"\\",
"subfields":[{"a":"HEBIS"},
{"b":"129632937"}]}},
{"029":{"ind1":"1",
"ind2":"\\",
"subfields":[{"a":"NLGGC"},
{"b":"781421438"}]}},
{"029":{"ind1":"1",
"ind2":"\\",
"subfields":[{"a":"NLM"},
{"b":"0201606"}]}},
{"029":{"ind1":"1",
"ind2":"\\",
"subfields":[{"a":"NZ1"},
{"b":"4946622"}]}},
{"029":{"ind1":"1",
"ind2":"\\",
"subfields":[{"a":"NLC"},
{"b":"000001294741"}]}},
{"035":{"ind1":"\\",
"ind2":"\\",
"subfields":[{"a":"(OCoLC)17"}]}},
{"041":{"ind1":"1",
"ind2":"\\",
"subfields":[{"a":"eng"},
{"h":"ger"}]}},
{"050":{"ind1":"0",
"ind2":"0",
"subfields":[{"a":"HM251"},
{"b":".M5313 1969"}]}},
{"060":{"ind1":"0",
"ind2":"0",
"subfields":[{"a":"HM 251"},
{"b":"M682a 1969"}]}},
{"082":{"ind1":"0",
"ind2":"0",
"subfields":[{"a":"301.1"}]}},
{"049":{"ind1":"\\",
"ind2":"\\",
"subfields":[{"a":"MAIN"}]}},
{"100":{"ind1":"1",
"ind2":"\\",
"subfields":[{"a":"Mitscherlich, Alexander,"},
{"d":"1908-1982."}]}},
{"240":{"ind1":"1",
"ind2":"0",
"subfields":[{"a":"Auf dem Weg zur vaterlosen Gesellschaft."},
{"l":"English"}]}},
{"245":{"ind1":"1",
"ind2":"0",
"subfields":[{"a":"Society without the father;"},
{"b":"a contribution to social psychology."},
{"c":"Translated from the German by Eric Mosbacher."}]}},
{"250":{"ind1":"\\",
"ind2":"\\",
"subfields":[{"a":"[1st American ed.]."}]}},
{"260":{"ind1":"\\",
"ind2":"\\",
"subfields":[{"a":"New York,"},
{"b":"Harcourt Brace & World"},
{"c":"[1969]"}]}},
{"300":{"ind1":"\\",
"ind2":"\\",
"subfields":[{"a":"xi, 329 pages"},
{"c":"22 cm"}]}},
{"336":{"ind1":"\\",
"ind2":"\\",
"subfields":[{"a":"text"},
{"b":"txt"},
{"2":"rdacontent"}]}},
{"337":{"ind1":"\\",
"ind2":"\\",
"subfields":[{"a":"unmediated"},
{"b":"n"},
{"2":"rdamedia"}]}},
{"338":{"ind1":"\\",
"ind2":"\\",
"subfields":[{"a":"volume"},
{"b":"nc"},
{"2":"rdacarrier"}]}},
{"500":{"ind1":"\\",
"ind2":"\\",
"subfields":[{"a":"\"A Helen and Kurt Wolff book.\""}]}},
{"500":{"ind1":"\\",
"ind2":"\\",
"subfields":[{"a":"Translation of Auf dem Weg zur vaterlosen Gesellschaft."}]}},
{"504":{"ind1":"\\",
"ind2":"\\",
"subfields":[{"a":"Includes bibliographical references (pages 313-322)."}]}},
{"505":{"ind1":"0",
"ind2":"\\",
"subfields":[{"a":"Introductory: The dynamics of adaptation -- Adaptation and insight -- Insufficiency of instinct -- The precariousness of moralities -- Dynamics of the drive -- Ego and ego ideal -- The invisible father -- Obedience, autonomy, anarchy -- Taboo -- Roles -- Prejudices and their manipulation --Two kinds of fatherlessness -- Epilogue."}]}},
{"650":{"ind1":"\\",
"ind2":"0",
"subfields":[{"a":"Social psychology."}]}},
{"650":{"ind1":"\\",
"ind2":"0",
"subfields":[{"a":"Social history"},
{"y":"20th century."}]}},
{"650":{"ind1":"\\",
"ind2":"0",
"subfields":[{"a":"Authority."}]}},
{"650":{"ind1":"\\",
"ind2":"0",
"subfields":[{"a":"Liberty."}]}},
{"650":{"ind1":"\\",
"ind2":"2",
"subfields":[{"a":"Family."}]}},
{"650":{"ind1":"\\",
"ind2":"2",
"subfields":[{"a":"Psychology, Social."}]}},
{"650":{"ind1":"\\",
"ind2":"2",
"subfields":[{"a":"Social Change."}]}},
{"650":{"ind1":"\\",
"ind2":"7",
"subfields":[{"a":"Authority."},
{"2":"fast"},
{"0":"(OCoLC)fst00821653"}]}},
{"650":{"ind1":"\\",
"ind2":"7",
"subfields":[{"a":"Liberty."},
{"2":"fast"},
{"0":"(OCoLC)fst00997251"}]}},
{"650":{"ind1":"\\",
"ind2":"7",
"subfields":[{"a":"Social history."},
{"2":"fast"},
{"0":"(OCoLC)fst01122498"}]}},
{"650":{"ind1":"\\",
"ind2":"7",
"subfields":[{"a":"Social psychology."},
{"2":"fast"},
{"0":"(OCoLC)fst01122816"}]}},
{"648":{"ind1":"\\",
"ind2":"7",
"subfields":[{"a":"1900-1999"},
{"2":"fast"}]}},
{"650":{"ind1":"\\",
"ind2":"7",
"subfields":[{"a":"Soziale Rolle"},
{"2":"gnd"}]}},
{"650":{"ind1":"\\",
"ind2":"7",
"subfields":[{"a":"Wertwandel"},
{"2":"gnd"}]}},
{"650":{"ind1":"\\",
"ind2":"7",
"subfields":[{"a":"Sozialpsychologie"},
{"2":"gnd"}]}},
{"650":{"ind1":"0",
"ind2":"7",
"subfields":[{"a":"Vater."},
{"2":"swd"}]}},
{"776":{"ind1":"0",
"ind2":"8",
"subfields":[{"i":"Online version:"},
{"a":"Mitscherlich, Alexander, 1908-1982."},
{"s":"Auf dem Weg zur vaterlosen Gesellschaft. English."},
{"t":"Society without the father."},
{"b":"[1st American ed.]."},
{"d":"New York, Harcourt Brace & World [1969]"},
{"w":"(OCoLC)646957912"}]}}]},{"leader":"00662cam a2200193Ia 4500",
"fields":[{"001":"ocn879376100"},
{"003":"OCoLC"},
{"005":"20160117203843.5"},
{"008":"120827s2012\\\\\\\\nyua\\\\\\\\\\\\\\\\\\\\000\\0\\eng\\d"},
{"040":{"ind1":"\\",
"ind2":"\\",
"subfields":[{"a":"OCPSB"},
{"b":"eng"},
{"c":"OCPSB"},
{"d":"OCLCQ"},
{"d":"WAU"},
{"d":"OCLCA"}]}},
{"035":{"ind1":"\\",
"ind2":"\\",
"subfields":[{"a":"(OCoLC)879376100"}]}},
{"049":{"ind1":"\\",
"ind2":"\\",
"subfields":[{"a":"MAIN"}]}},
{"100":{"ind1":"1",
"ind2":"\\",
"subfields":[{"a":"Reese, Terry,"},
{"c":"Jr."}]}},
{"245":{"ind1":"1",
"ind2":"0",
"subfields":[{"a":"Record Builder Added This Test Record On 05\/08\/2014 RecordBuilder Add Original Test: 2014-05-08 11:10:06.093."}]}},
{"336":{"ind1":"\\",
"ind2":"\\",
"subfields":[{"a":"text"},
{"b":"txt"},
{"2":"rdacontent"}]}},
{"337":{"ind1":"\\",
"ind2":"\\",
"subfields":[{"a":"unmediated"},
{"b":"n"},
{"2":"rdamedia"}]}},
{"500":{"ind1":"\\",
"ind2":"\\",
"subfields":[{"a":"Original Record has one field."}]}},
{"500":{"ind1":"\\",
"ind2":"\\",
"subfields":[{"a":"Updated on 5\/8\/2014 at 11:29 AM EST. Field Added."}]}},
{"500":{"ind1":"\\",
"ind2":"\\",
"subfields":[{"a":"Updated on 5\/8\/2014 @ 11:53 AM EST."}]}}]}]